2432 3554
1104 149 1223 207 343

219 305 737 364 demonstrationem
775 308 1014 372 nullam,
1073 327 1212 380 quae
1249 308 1633 366 certitudinem
1670 304 2108 362 mathematicam

218 385 420 444 habeat
472 387 772 455 adducam,
829 389 958 461 quia
1008 387 1264 444 nimirum
1302 393 1436 444 tunc
1474 389 1657 443 omnia
1692 405 1787 458 per
1824 389 2107 441 accuratas

215 466 594 533 definitiones,
651 470 924 524 axiomata
979 472 1038 523 et
1090 469 1427 524 theoremata
1463 468 1771 522 debuissem
1808 483 2105 539 exponere,

216 545 430 619 hocque
482 549 540 604 in
597 548 868 619 prioribus
923 549 1301 613 abundanter,
1357 553 1621 621 qnantum
1670 549 1727 602 in
1764 544 2109 618 generalibus

216 629 522 700 praeceptis
575 631 690 686 fieri
746 635 956 700 potest,
1013 645 1395 702 exposueram,
1462 628 1703 699 adeoque
1760 627 1890 681 haec
1927 625 2111 680 omnia

216 708 514 778 repetendo
549 713 605 763 et
643 708 972 781 specialibus
1008 708 1271 780 exemplis
1308 708 1663 780 applicand0‚
1705 708 1849 762 ultra
1888 704 2109 758 modum

217 787 468 858 prolixus
501 791 814 852 evasissem.
873 790 1104 846 Interim
1140 793 1323 844 tamen
1362 789 1523 844 credo
1562 805 1645 842 me
1682 787 1815 842 satis
1840 783 2120 839 ostendis·'

217 885 307 931 se,
347 884 455 939 qua
493 869 700 924 ratione
739 874 1028 926 accuratae
1065 869 1556 925 demonstrationes
1583 867 1695 922 sint
1720 864 2108 938 perficiendae,

217 965 344 1000 nam
383 950 748 1004 accuratiores
785 949 1131 1006 definitiones
1169 967 1279 1004 non
1317 948 1446 1004 novi
1483 966 1645 1020 quam
1681 965 1819 1018 quae
1856 944 2110 1014 exjustis

219 1025 633 1084 definitionibus
669 1030 872 1084 axiom.
911 1034 968 1086 et
1005 1029 1178 1084 theor.
1220 1034 1493 1086 constant.
1552 1029 1681 1084 Jam
1718 1043 1847 1081 vero
1882 1042 1983 1096 ego
2020 1023 2110 1077 de-

217 1107 496 1162 finitiones
554 1127 647 1178 per
696 1110 868 1182 ipsam
913 1110 1317 1181 generationem
1357 1108 1581 1164 exhibui
1618 1110 1781 1180 (quae
1818 1111 1963 1161 certe
2000 1121 2112 1158 om·

215 1188 368 1243 nium
429 1191 926 1258 praestantissimae
987 1194 1118 1244 sunt
1173 1187 1547 1257 definitiones)
1602 1205 1711 1241 non
1756 1185 1931 1240 solum
1967 1185 2109 1254 ipsa·

214 1284 337 1322 rum
379 1268 758 1325 definitionum
798 1271 892 1324 sed
931 1275 987 1325 et
1023 1271 1357 1326 axiomatum
1397 1271 1453 1322 et
1490 1268 1913 1328 theorematum,
1972 1280 2110 1336 quae

213 1364 348 1402 sane
407 1352 678 1420 quotquot
726 1350 984 1407 authores
1031 1349 1277 1422 pervolvi
1325 1348 1524 1404 nullibi
1574 1347 1800 1408 offendi,
1863 1345 1999 1399 adeo
2046 1345 2110 1398 ut

211 1443 326 1482 non
381 1427 596 1482 videam
651 1429 784 1500 quid
841 1432 1283 1500 praetermissum
1341 1431 1409 1484 ad
1466 1432 1749 1484 accuratas
1797 1423 2108 1482 formandas

213 1505 728 1564 demonstrationes.
806 1509 1016 1564 Verum
1063 1509 1284 1583 quidem
1328 1513 1413 1564 est
1450 1525 1533 1562 me
1571 1506 1860 1562 admodum
1898 1521 2108 1568 errare,

213 1586 262 1642 si
317 1583 688 1644 existimarem
739 1589 936 1644 haecce
987 1589 1104 1646 sola
1151 1590 1223 1644 ad
1258 1588 1443 1645 omnia
1478 1587 1815 1658 problemata
1850 1583 2110 1640 solvenda

209 1663 488 1727 sufficerez
537 1667 634 1722 sed
670 1667 774 1724 hoc
812 1668 1014 1724 nullibi
1051 1669 1348 1730 affirmavi3
1406 1683 1655 1737 expresse
1692 1667 1836 1722 enim
1874 1683 2001 1737 pag.
2039 1665 2107 1718 18

211 1747 446 1803 habetur
499 1747 636 1803 artis
689 1748 982 1803 inveniendi
1031 1749 1303 1819 qenerazia
1350 1751 1657 1820 praecepta,
1717 1764 1825 1818 quo
1878 1745 2105 1800 lectores

211 1825 474 1897 colligere
530 1830 744 1898 possint
801 1846 884 1883 me
921 1828 1038 1899 jam
1074 1832 1311 1887 tractare
1348 1828 1523 1885 solum
1563 1827 1629 1881 de
1668 1827 1751 1881 his
1790 1844 1929 1897 quae
1964 1842 2107 1880 com-

209 1906 404 1963 munia
441 1913 572 1963 sunt
622 1912 770 1965 circa
808 1910 994 1965 omnia
1029 1910 1315 1981 incognita
1350 1908 1795 1972 determinanda,
1844 1924 1982 1978 quae
2018 1922 2108 1961 oc·

207 1992 445 2043 currunt
490 1989 548 2042 in
574 1990 1022 2055 mathematicis,
1080 1991 1352 2063 physicis.
1396 1988 1723 2045 mechanicis
1762 1985 2106 2059 problemati·

207 2068 344 2128 bus:
402 2067 600 2123 deinde
647 2087 788 2141 quae
833 2070 1010 2125 solum
1049 2071 1321 2143 physicis,
1378 2076 1543 2143 atque
1580 2071 1659 2125 sic
1695 2086 1853 2140 porro
1891 2067 2105 2123 mecha-

201 2146 348 2203 nicis
383 2147 664 2205 solvendis
701 2152 1042 2205 conveniunt
1078 2170 1375 2225 exponemz
1418 2152 1565 2206 hisce
1602 2150 1835 2222 peractis
1873 2148 2103 2203 lectores

202 2226 404 2284 melius
433 2227 686 2295 judicare
721 2235 1018 2301 poterunt,
1058 2251 1192 2287 num
1228 2251 1317 2288 ars
1357 2250 1477 2287 mea
1508 2230 1824 2286 inveniendi
1852 2228 2103 2283 absolute

203 2306 460 2364 omnibus
493 2310 931 2367 determinandis
965 2312 1216 2368 sufficiat.
1282 2314 1435 2368 Haec
1460 2316 1641 2366 autem
1668 2309 1923 2381 specialia
1950 2326 2101 2380 prae-

202 2391 365 2457 cepta
413 2388 582 2443 variis
618 2390 677 2443 in
715 2390 850 2447 locis
895 2393 1152 2463 promisi;
1211 2410 1339 2448 nam
1378 2410 1495 2445 mea
1532 2390 1767 2445 intentio
1805 2392 1888 2443 est
1924 2392 2095 2442 artem

203 2466 525 2522 inveniendi
585 2468 789 2534 solam,
848 2474 906 2525 et
961 2491 1071 2527 una
1123 2490 1251 2529 cum
1308 2472 1409 2527 hac
1464 2474 1637 2525 totam
1672 2468 2095 2541 philosophiam,

203 2548 472 2617 quantum
513 2548 801 2617 possibile,
843 2552 1148 2622 explicare,
1191 2552 1353 2623 cujus
1378 2549 1513 2606 artis
1538 2549 1853 2605 inveniendi
1879 2548 2098 2605 nonnisi

203 2625 418 2681 radices
457 2628 616 2681 modo
653 2632 897 2698 exposui.
950 2632 1192 2687 Unicum
1231 2631 1323 2687 hic
1358 2630 1538 2685 adhuc
1576 2628 1873 2683 notandum
1894 2670 1908 2691 ,
1949 2628 2095 2699 qnod

204 2706 338 2761 licet
393 2705 654 2775 specialia
707 2708 844 2763 artis
899 2710 1216 2767 inveniendi
1266 2716 1557 2782 praecepta
1592 2709 1887 2781 aliquando
1922 2708 2097 2779 pluris

204 2788 370 2849 fient,
411 2785 514 2839 hoc
551 2790 736 2841 tamen
771 2805 840 2841 ex
877 2806 1128 2859 perverso
1157 2791 1373 2861 judicio
1406 2790 1718 2851 fieri,.nam
1748 2790 1936 2861 utique
1961 2789 2097 2843 artis

207 2864 526 2921 inveniendi
575 2865 854 2937 generalia
901 2873 1222 2939 praecepta,
1282 2888 1421 2942 quae
1452 2869 1568 2940 jam
1604 2870 1868 2941 exposui,
1924 2868 2099 2923 multo

205 2944 606 3016 praestantiora
642 2952 699 3001 et
737 2947 910 3018 magis
936 2948 1061 3003 ideo
1086 2950 1459 3014 aestimanda,
1498 2949 1629 3020 quia
1652 2948 1909 3020 specialia
1936 2948 2100 3004 unice
