2432 3554
956 1005 1206 1062 CAPUT
1243 1005 1586 1063 PRIMUM.
1661 1055 1670 1062 ,

700 1195 773 1234 nn
812 1194 1093 1236 ormmnn
1109 1223 1123 1245 ‚
1162 1194 1302 1234 mm:
1323 1222 1336 1240 ,
1377 1195 1449 1234 m*
1486 1195 1857 1240 coomnonn.

396 1355 475 1410 Ut
512 1354 836 1425 incipiamus
874 1355 1053 1410 dicere
1089 1355 1155 1410 de
1193 1352 1368 1407 modis
1385 1355 1420 1414 ¹)
1458 1371 1486 1406 c
1513 1354 1712 1426 quibus
1739 1354 1994 1412 consistit
2021 1354 2186 1410 homo
2208 1396 2222 1419 ‚

328 1437 569 1492 dicemus
604 1437 655 1492 1.
692 1435 823 1507 quid
864 1436 989 1492 sint.
1028 1435 1079 1490 2.
1122 1434 1343 1506 quinam
1381 1451 1566 1489 eorum
1605 1435 1843 1493 effectus.
1883 1438 1930 1493 3.
1956 1437 2228 1508 quaenam

330 1531 513 1573 causa.

394 1593 560 1655 Quod
598 1593 665 1646 ad
696 1595 942 1663 primum,
1002 1592 1327 1663 incipiamus
1358 1592 1473 1663 jam
1511 1593 1579 1650 ab
1618 1595 1716 1659 iis,
1773 1596 1866 1667 qui
1904 1595 2064 1650 nobis
2101 1613 2230 1668 cog·

328 1677 433 1732 niti
471 1677 629 1738 sunt,
670 1691 702 1728 a
738 1673 1060 1744 quibusdam
1100 1689 1291 1743 nempe
1317 1673 1457 1729 ideis
1481 1673 1569 1729 vei
1596 1675 1930 1732 conscientia
1956 1675 2228 1748 cognitio·

330 1757 416 1813 nis
456 1759 701 1810 nostrum
740 1759 797 1808 et
834 1770 1010 1809 rerum
1050 1756 1204 1809 extra
1243 1769 1356 1811 nos·

401 1915 583 1971 Hasce
621 1913 771 1969 ideas
809 1913 981 1985 igitur
1019 1913 1428 1976 nanciscamur,
1577 1914 1692 1969 sive

400 1996 454 2049 1.
496 1993 612 2049 sola
648 1994 785 2057 fide;
826 2011 966 2065 quae
1002 1992 1135 2047 fides
1172 1994 1347 2047 oritur

570 2077 620 2128 1.
662 2092 729 2128 ex
768 2074 961 2128 auditu
975 2112 993 2138 ‚
1031 2072 1119 2127 vel

543 2153 625 2210 ΙΙ.
668 2154 1004 2224 experientia
1031 2153 1109 2221 2);
1585 2154 1699 2209 sive

416 2235 466 2289 2.
509 2233 615 2289 fide
650 2251 807 2296 vera:
850 2233 963 2288 sive
1494 2236 1498 2242 '

402 2314 455 2368 3.
497 2312 644 2368 clara
681 2312 1049 2384 distinctaque
1084 2310 1461 2381 conceptiones
1517 2356 1524 2365 „

408 2394 518 2447 lum
556 2391 882 2464 generaliter
919 2392 1087 2445 errori
1127 2388 1431 2461 subjectum
1471 2394 1571 2445 est.

402 2475 509 2527 2um
537 2476 591 2526 et
618 2474 749 2535 3um,
775 2488 1098 2543 quamquam
1125 2469 1272 2525 inter
1291 2487 1348 2525 se
1373 2468 1699 2533 differentia,
1731 2487 1910 2525 errare
1929 2476 2229 2542 nequeunt.

392 2739 439 2795 1)
472 2736 601 2782 Μοᾶὶ
634 2751 659 2781 e
690 2735 849 2795 quibus
884 2736 1019 2783 homo
1051 2733 1262 2781 consistit
1293 2738 1399 2779 sunt
1429 2734 1636 2780 notiones
1668 2733 1835 2781 divisae
1865 2733 1915 2781 in
1945 2733 2232 2793 opinionem,

340 2806 467 2853 fidem
500 2812 546 2853 ct
578 2807 741 2853 claram
772 2806 1117 2863 distinctamque
1152 2804 1477 2865 cognitionem,
1527 2821 1580 2851 cx
1611 2804 1799 2865 singulis
1833 2805 1963 2852 rebus
1993 2805 2237 2853 secundum

335 2880 549 2936 cujusque
578 2882 784 2923 naturam
814 2882 952 2926 ortas.

388 2950 437 3007 2)
470 2947 572 2994 Hae
603 2947 809 2995 notiones
841 2947 943 2995 fidei
976 2962 1070 3009 cap.
1102 2962 1193 3007 seq.
1231 2948 1375 3009 primo
1406 2952 1657 3009 ponuntur,
1689 2948 1839 3008 ibique
1869 2954 1916 2997 et
1947 2948 2056 2997 alibi
2087 2951 2235 3011 opinio

333 3019 565 3076 dicuntur,
597 3022 649 3065 ut
680 3022 726 3065 ct
757 3023 877 3066 sunt.
