2432 3554
801 751 1162 833 PARS
1243 750 1749 834 PRIMA.

966 1295 1216 1352 CAPUT
1253 1295 1592 1354 PRIMUM.

1037 1481 1192 1525 QUOD
1230 1480 1374 1521 DEUS
1410 1480 1517 1519 511.

396 1651 563 1710 Quod
619 1651 690 1706 ad
743 1650 835 1717 id,
897 1652 1042 1725 quod
1097 1653 1251 1708 Deus
1288 1652 1393 1718 sit,
1452 1651 1553 1706 hoe
1591 1649 1825 1706 dicimus
1860 1647 2221 1704 demonstrari

324 1745 510 1803 posse:

539 1809 588 1867 Ι.
659 1810 711 1865 Α
734 1812 944 1881 priori.-

400 1892 452 1945 1.
532 1892 706 1947 Omne
743 1892 889 1964 quod
915 1892 1060 1947 clare
1085 1895 1142 1947 et
1166 1890 1427 1947 distinete
1452 1890 1815 1963 intelligimus
1840 1889 1911 1944 ad
1931 1890 2185 1943 naturam
2204 1887 2223 1919 ¹

332 1968 570 2040 alicujus
627 1972 706 2025 rei
762 1973 1068 2043 pertinere,
1129 1970 1233 2027 hoe
1290 1972 1454 2025 etiam
1493 1989 1619 2025 vere
1656 1988 1721 2025 ea
1756 1969 1825 2024 de
1863 1987 1921 2024 re
1957 1968 2223 2023 affirmare

328 2066 634 2121 possumus.
695 2052 863 2110 Quod
899 2057 1084 2107 autem
1122 2051 1360 2107 essentia
1397 2050 1465 2105 ad
1505 2050 1608 2105 Dei
1638 2054 1893 2125 naturam
1918 2047 2219 2121 pertineat,

327 2128 472 2185 clare
509 2135 565 2184 et
603 2129 866 2187 distinete
902 2131 1212 2204 intelligere
1248 2149 1554 2204 possumus.
1632 2132 1773 2203 Erqo
1807 2161 1879 2171 -

401 2372 453 2423 2.
529 2370 739 2427 Rerum
772 2371 1042 2427 essentiae
1068 2374 1197 2427 sunt
1224 2370 1292 2426 ab
1316 2370 1465 2425 omni
1492 2369 1817 2424 aeternitate
1842 2372 1899 2423 et
1924 2366 2226 2423 manebunt

328 2449 696 2507 immutabiles
733 2449 792 2506 in
829 2456 1132 2508 aeternum.
1183 2451 1289 2507 Dei
1318 2448 1613 2505 existentia
1638 2451 1721 2504 est
1746 2448 2002 2504 essentia.
2040 2446 2221 2517 Enyo.-

387 2775 436 2831 1)
485 2775 526 2820 Ι.
577 2790 616 2823 e.
649 2778 853 2823 naturam
885 2775 1138 2834 definitam,
1185 2790 1275 2835 qua
1304 2791 1374 2823 res
1406 2776 1553 2823 estid
1582 2776 1701 2836 quod
1730 2784 1823 2833 est,
1870 2781 1917 2823 et
1948 2775 2065 2835 qued
2098 2776 2229 2823 nulio

322 2844 484 2902 modo,
518 2845 608 2892 nisi
639 2861 688 2892 re
719 2844 818 2906 ipsa
848 2846 1101 2905 desti-ueta,
1132 2847 1188 2893 ab
1219 2862 1273 2893 ea
1304 2847 1437 2893 avelli
1468 2853 1643 2907 potest,
1676 2847 1745 2894 uti
1776 2846 1895 2906 quod
1928 2846 1983 2893 ad
2016 2852 2227 2895 naturam

323 2915 490 2962 montis
535 2916 756 2976 pertineat
787 2918 918 2964 vallis
933 2954 948 2977 ‚
997 2932 1109 2976 quae
1139 2932 1297 2978 nempe
1328 2934 1433 2966 vere
1464 2925 1645 2966 aeterna
1674 2923 1722 2966 et
1752 2917 2043 2965 immutabilis
2076 2922 2146 2964 est
2178 2923 2226 2963 et

321 3004 494 3051 semper
543 3004 640 3037 esse
687 2990 815 3037 debet
861 2989 910 3037 in
958 2988 1123 3037 montis
1169 2989 1295 3048 idea,
1360 2990 1448 3037 etsi
1495 3006 1623 3037 mons
1669 2990 1769 3051 ipsa
1815 3004 2039 3049 nunqnam
2087 2988 2227 3037 fuerit

321 3060 391 3107 vel
423 3060 498 3107 sit.
