2432 3554
1207 197 1324 252 142

317 353 385 406 de
443 352 834 424 Desperatione
870 355 1034 410 etiam
1075 357 1387 411 dicendum.
1467 357 1736 412 Neutrum
1775 347 1955 411 a'utem
1996 357 2204 423 (seeun-

316 432 445 486 dum
502 434 645 504 quod
702 433 767 488 de
824 450 1005 488 amore
1061 435 1324 503 diximus)
1385 438 1442 491 in
1503 437 1718 496 homine
1757 436 1994 508 perfeeto
2030 433 2200 489 locum

320 511 516 566 habere
554 518 765 584 potest,
822 515 952 584 quia
991 531 1073 567 res
1112 521 1430 585 supponunt
1465 515 1662 587 quibus
1699 515 2085 570 mutabili'sua
2120 519 2245 567 na·'

323 597 451 644 tura
487 591 591 656 (uti
632 591 687 646 in
728 593 927 646 amoris
962 593 1278 648 definitione
1315 594 1784 666 observavimus),
1825 597 1913 651 eui
1940 593 2209 666 subjectae

324 677 487 730 sunt,
540 689 647 724 non
705 672 1025 732 adhaerere.
1087 689 1185 728 nee
1243 673 1442 746 quibus
1499 675 1605 742 (uti
1657 675 1713 730 in
1752 673 1863 729 odii
1901 670 2249 728 definitione·

327 752 757 806 demonstratum
810 755 921 816 est)
953 753 1194 807 >aversari
1232 753 1520 815 debemus:
1581 755 1667 808 eui
1709 754 2024 808 adhaesioni
2064 739 2212 808 aier'·

324 829 588 900 sionique·
631 823 790 884 homo
846 838 1025 886 tamen
1086 833 1232 888 hisee
1270 833 1610 904 passionibus
1647 833 1940 892 obnoxius,
2003 829 2212 902 subjee-

324 914 415 962 tua
452 916 553 963 est.
1308 913 1317 930 ’
2045 911 2052 918 ’

402 1147 568 1206 Quod
604 1147 717 1216 jam
756 1147 823 1202 ad
862 1149 1312 1214 fluctuatione-m,
1355 1151 1862 1220 pusillanimitatem
1901 1156 1957 1204 et
1980 1150 2221 1205 conster-

332 1227 609 1280 nationem
668 1228 897 1292 attinet,
957 1232 1055 1284 hae
1106 1232 1224 1301 ipsa
1259 1247 1359 1284 sua
1397 1235 1593 1284 natura
1621 1225 1685 1284 'et
1722 1229 1904 1283 indole
1942 1228 2257 1299 imperfec·'

332 1308 533 1362 tionem
586 1309 955 1378 patefaoiunt;
1014 1311 1197 1364 omnia
1234 1309 1376 1364 enim
1416 1324 1554 1381 quae
1591 1311 1649 1364 in
1689 1309 1823 1363 utile
1859 1314 2110 1363 nostrum
2148 1306 2226 1362 sa-

333 1388 490 1442 eiunt
529 1404 638 1442 non
677 1403 743 1441 ex
769 1387 983 1442 actione
1010 1407 1193 1443 earum
1223 1395 1449 1456 naturae
1467 1430 1479 1451 ‚
1520 1391 1719 1460 quippe
1747 1389 2083 1459 negativam·
2103 1402 2230 1458 pro-

333 1467 570 1529 cedunt;
611 1483 734 1522 nam
764 1469 855 1522 nbi
882 1467 1081 1542 aliquis
1100 1512 1113 1530 ,
1144 1469 1351 1542 aliquid
1381 1469 1580 1523 bonum
1608 1469 1843 1529 ducens,
1868 1467 2012 1540 quod
2038 1475 2228 1522 tamen

335 1546 535 1600 bonum
566 1564 672 1601 non
700 1547 801 1609 sit,
843 1547 979 1602 illud
1012 1555 1229 1619 sperat,
1269 1553 1511 1602 attamen
1537 1548 1766 1603 audacia
1791 1547 1928 1604 illud
1958 1545 2226 1602 efficiendi

336 1627 694 1682 fluctuatione
748 1633 805 1681 et
852 1628 1306 1698 pusillanimitate
1347 1645 1446 1682 sua
1482 1633 1658 1688 earet,
1718 1643 1848 1682 casu
1887 1625 2233 1681 solummodo

336 1706 451 1761 sive
512 1706 765 1776 negative
827 1707 893 1761 ab
935 1708 1033 1762 illo
1074 1709 1213 1762 malo
1252 1709 1395 1781 quod
1440 1707 1638 1761 bonum
1681 1705 1873 1770 habet,
1940 1705 2236 1760 liberatur.'

336 1786 527 1857 Neque
584 1785 753 1856 igitur
811 1786 910 1839 hae
963 1788 1242 1859 passiones
1297 1788 1354 1841 in
1394 1786 1634 1847 homine,
1699 1788 1792 1858 qui
1831 1792 1980 1841 reeta
2015 1785 2237 1841 ratione

339 1864 593 1929 ducitur,
630 1866 809 1919 locum
850 1864 1043 1920 habere
1083 1870 1331 1937 possunt.

412 2182 577 2243 Quod
614 2182 849 2254 denique
886 2182 954 2236 ad
992 2182 1456 2253 intrepiditatem,
1497 2180 1778 2238 audaciam
1820 2184 1876 2235 et
1911 2178 2246 2237 aemulatio-

344 2280 466 2317 nem
518 2262 747 2327 attinet,
813 2263 881 2316 de
936 2262 1005 2316 iis
1043 2262 1179 2317 nihil
1216 2263 1368 2319 aliud
1407 2262 1726 2326 dicendum,
1781 2276 1942 2333 quam
1980 2258 2127 2332 quod
2172 2260 2248 2315 de

346 2359 527 2397 amore
564 2342 799 2413 odioque
832 2342 945 2412 jam
984 2342 1242 2397 diximus,

951 2656 1200 2713 CAPUT
1246 2656 1631 2713 DECIMUM.

551 2834 629 2872 nn·
666 2820 1138 2887 (consumatum)
1176 2832 1374 2871 nonen
1407 2830 1482 2870 1⁸:¹1·
1519 2830 1593 2870 nn
1628 2828 2031 2869 roem-muna,

424 2978 507 3035 De
534 2977 682 3034 hisee
703 2977 1046 3049 passionibus
1068 2976 1306 3032 breviter
1324 2981 1386 3031 nt
1406 2975 1690 3048 loquamur
1707 3016 1722 3039 ,
1750 2976 1928 3030 dicere
1946 2972 2218 3028 convenit
2239 3013 2256 3037 ‚

349 3060 475 3117 illas
512 3076 790 3132 nunquam
828 3059 935 3115 nisi
974 3076 1067 3131 per
1102 3056 1548 3131 anticipationem
1587 3054 1771 3121 nasei3
1811 3055 1954 3128 quod
1989 3051 2136 3108 enim
2169 3054 2252 3109 ad
