2432 3554
1308 171 1429 229 814

417 348 651 403 quarum
707 329 1024 387 inductione
1077 332 1275 387 iterum
1315 351 1425 388 non
1463 332 1641 390 solum
1679 333 2002 406 dignissime
2040 339 2093 391 et
2123 335 2271 390 faven-

415 410 625 466 tissime
663 412 732 467 de
769 412 953 466 eadem
982 414 1255 476 sentiant,
1298 412 1393 468 sed
1416 418 1471 468 et
1496 413 1590 468 Tr.
1621 413 1811 468 Theol.
1840 413 2133 471 Politicum
2156 432 2268 468 sum-

415 510 501 546 me
535 492 856 556 aestiment,
907 492 1064 563 cujus
1102 511 1198 564 pro
1238 493 1500 564 regimine
1536 493 1657 548 Tuo
1693 495 1769 550 Te
1806 495 2091 549 certiorem
2124 495 2270 550 facere

413 589 522 628 non
547 573 629 628 fui
653 591 848 636 ausus,
881 574 1219 630 certissimus
1244 593 1329 629 me
1354 574 1423 627 ad
1451 575 1675 646 quaevis
1699 573 1875 630 officia
1892 592 2008 630 esse
2030 580 2083 630 et
2100 575 2266 636 vivere,

1083 654 1429 710 Nobilissimi
1466 655 1571 710 viri

410 732 668 787 Amsterd.
711 733 778 787 25
815 733 948 803 Julij
990 733 1147 793 1675.
1548 752 1764 791 servum
1802 736 2187 808 paratissimum

1656 816 1721 872 G.
1758 815 1831 872 H.
1870 815 2122 873 Schaller.

482 893 554 948 D.
597 909 630 946 a
669 894 812 948 Gent
831 891 882 962 1)
921 893 1158 948 officiose
1196 894 1435 960 salutat,
1475 912 1586 949 uno
1623 911 1746 950 cum
1782 896 1839 952 J.
1876 897 2227 965 Rieuw(erts)·

417 971 546 1026 Viro
581 973 914 1026 Nobili-esino
951 991 1014 1027 ac
1037 975 1486 1044 praestantissimo

479 1053 698 1110 Domino
736 1055 1015 1110 Benedicto
1052 1056 1117 1110 de
1155 1055 1380 1125 Spinoza
1403 1095 1417 1114 .

803 1133 1040 1202 Hagam.

1299 1275 1577 1332 Amsterd.
1614 1277 1686 1330 14
1720 1275 1994 1331 Novemb.
2040 1275 2175 1334 1675.

475 1369 806 1426 Doctissime
843 1389 906 1426 ac
943 1373 1413 1444 praestantissime
1451 1371 1719 1435 Domine,
1759 1371 1945 1426 fautor
1972 1387 2251 1442 summopere

405 1451 646 1509 colende.
684 1451 922 1507 Ultimas
961 1470 1106 1506 meas
1133 1470 1243 1506 una
1268 1468 1393 1507 cum
1422 1469 1677 1524 processu
1703 1453 1962 1522 anonymi
1978 1457 2023 1522 Ξ)
2048 1452 2159 1507 Tibi
2178 1450 2246 1504 rite

402 1532 573 1587 fuisse
610 1532 842 1587 traditas
879 1550 1036 1604 spero
1074 1531 1347 1604 simulque
1378 1534 1453 1588 Te
1492 1533 1673 1589 adhuc
1710 1533 1845 1587 bene
1887 1531 2098 1597 valere,
2134 1533 2245 1604 prout

403 1630 504 1684 ego
542 1611 678 1667 bene
715 1612 887 1669 valeo,
933 1613 1227 1668 Caeterum
1263 1612 1411 1668 intra
1448 1613 1727 1669 trimestre
1764 1611 2005 1682 spatium
2042 1632 2073 1667 a
2112 1615 2249 1667 nostro

400 1691 825 1748 Tschirnhausio
852 1692 990 1747 nihil
1016 1691 1299 1746 literarum
1331 1690 1537 1758 habui,
1576 1692 1722 1748 unde
1747 1695 1935 1747 tristes
1962 1693 2251 1764 conjecturas

399 1772 786 1836 formaveram,
843 1771 1024 1845 ipsum
1085 1790 1148 1827 ex
1208 1769 1418 1844 Anglia
1476 1773 1535 1829 in
1594 1772 1805 1829 Gallias
1844 1771 2149 1828 tendentem
2176 1771 2251 1825 iter

400 1854 680 1908 funestum
718 1852 942 1916 fecisse;
977 1852 1089 1923 jam
1129 1869 1259 1907 vero
1296 1852 1361 1922 ijs
1399 1855 1671 1925 acceptiS‚
1710 1857 1916 1927 gaudio
1948 1860 2160 1930 plenus,
2188 1866 2250 1904 eas

398 1933 590 2004 (juxta
643 1934 762 2004 ejus
817 1934 1075 2006 petitum)
1123 1951 1248 1989 cum
1287 1933 1526 1989 Domino
1565 1950 1880 1993 communes
1920 1941 2093 1995 facere
2128 1929 2247 1989 debui

396 2016 562 2084 atque
601 2014 939 2085 significare,
979 2030 1104 2070 cum
1144 2013 1488 2070 officiossima
1528 2015 1740 2080 salute,
1782 2036 1907 2073 eum
1949 2018 2148 2075 salvum
2177 2012 2249 2069 Pa-

397 2092 557 2147 risios
583 2092 868 2149 advenisse
885 2137 900 2159 ‚
941 2096 1039 2151 Dm
1062 2094 1385 2165 Hugenium
1410 2093 1611 2148 ibidem
1632 2136 1646 2157 ,
1691 2101 1855 2167 prout
1882 2108 2248 2170 praemonuera-

401 2191 550 2238 mus,
581 2173 868 2229 offendisse
885 2217 899 2239 ,
929 2193 1144 2247 quaque
1163 2176 1237 2229 'de
1263 2190 1431 2230 causa
1457 2190 1513 2227 se
1540 2173 1716 2245 ipsius
1740 2180 1966 2248 ingenio
1994 2170 2251 2233 omnimode

395 2253 935 2320 accommodaverat,
993 2256 1128 2309 adeo
1168 2259 1231 2309 ut
1268 2255 1337 2309 ab
1374 2252 1495 2323 ipso
1534 2256 1716 2324 magni
1743 2258 2077 2315 aestimetur.
2130 2256 2249 2313 Men·

394 2333 598 2389 tionem
662 2334 864 2388 fecerat
925 2333 1370 2389 Dominationem
1427 2334 1683 2389 Vestram
1740 2336 1789 2391 ei
1829 2336 2250 2394 conversationem

393 2414 571 2485 ipsius
626 2414 919 2485 (Hugenij)
975 2413 1381 2470 commendasse
1440 2414 1666 2487 ejusque
1724 2435 2013 2489 personam
2072 2410 2249 2491 plurimi

392 2495 599 2557 facere,
642 2494 786 2565 quod
825 2494 876 2550 ei
913 2495 1072 2550 valde
1110 2494 1395 2561 arriserat,
1437 2497 1573 2552 adeo
1612 2503 1675 2553 ut
1712 2504 1767 2553 et
1804 2518 1861 2555 se
1900 2502 2141 2557 similiter
2159 2512 2249 2551 ves·

391 2568 530 2628 tram
571 2592 856 2645 personam
896 2576 1078 2647 magni
1116 2576 1293 2631 facere
1333 2578 1704 2648 responderit,
1740 2579 1969 2653 jamque
2004 2596 2159 2652 nuper
2176 2576 2247 2631 Tr.

393 2652 581 2710 Theol.
637 2652 760 2708 Pol.
823 2653 892 2709 ab
929 2654 1028 2709 illa
1064 2655 1397 2721 obtinuerit,
1457 2658 1552 2729 qui
1590 2677 1625 2713 a
1662 2659 1851 2715 multis
1890 2662 2090 2716 ibidem
2122 2654 2249 2713 aesti-

395 2737 606 2798 matur,
646 2732 944 2807 seduloque
982 2734 1314 2806 inquiritur,
1353 2738 1619 2810 numquid
1646 2739 1805 2811 plura
1830 2740 2071 2811 ejusdem
2096 2736 2249 2793 autho-

393 2812 470 2868 ris
507 2814 712 2885 scripta
748 2813 925 2871 lucem
962 2815 1214 2881 videant;
1256 2816 1325 2871 ad
1362 2819 1510 2890 quod
1546 2818 1649 2875 Ds.
1689 2819 1979 2879 Tschirnh.
2004 2814 2248 2892 responde·

423 2988 472 3045 1)
521 2986 810 3047 Communis,
845 2990 914 3038 uti
944 2977 1148 3051 videtur,
1180 2992 1349 3040 amicus
1367 3030 1381 3051 ,
1415 2994 1753 3043 'I'echirnhausii
1786 3002 1945 3057 postea
1972 3014 2001 3045 a
2030 2993 2203 3045 seeretis,

421 3058 474 3116 2)
521 3056 593 3105 Cf.
624 3058 742 3106 infra
772 3076 817 3121 p.
849 3062 956 3111 318.
