2432 3554
1239 146 1356 204 216

354 304 482 359 dum
502 304 615 375 jam
642 311 753 370 est,
778 306 1049 363 hominem
1067 350 1083 373 ,
1110 309 1168 363 in
1196 324 1256 363 se
1280 308 1398 378 ipso
1423 304 1695 377 duplicem
1732 304 1901 375 legem
1929 300 2202 373 percipere:

418 443 471 521 Ι1.
506 464 565 519 in
602 483 666 519 eo
703 466 798 537 qui
834 464 1122 522 intellectu
1166 484 1267 521 suo
1287 469 1431 521 recte
1457 466 1634 521 utitur
1663 463 1839 535 adque
1863 461 1966 518 Dei
1993 458 2210 531 pervenit

356 543 753 679 ἷίἰῖἷῐίιὲιῖως
792 562 932 618 quae
968 546 1059 601 lex
1093 549 1353 602 causatur
1375 544 1760 601 communione
1785 560 1943 615 quam
1969 558 2086 597 cum
2111 538 2209 593 Deo

430 705 463 758 2
500 720 567 758 ex
602 722 667 759 ea
703 722 864 776 quam
902 704 1067 759 habet
1102 722 1228 759 cum
1266 708 1493 759 naturae
1531 702 1728 761 modis„

428 862 675 923 Quarum
713 880 825 917 una
857 864 1163 919 necessaria
1198 870 1315 927 est,
1355 863 1528 919 altera
1563 880 1692 918 vero
1741 880 1887 925 n0n;
1941 862 2064 933 quia
2099 876 2216 914 nun·

360 960 521 1013 quam
578 942 825 997 desinere
878 946 1058 1013 potest
1111 961 1235 999 cum
1289 942 1390 997 illo
1448 944 1638 997 unitus
1676 960 1794 997 esse
1831 941 2078 1013 legesque
2111 940 2218 993 ante

362 1022 549 1076 oculos
604 1021 801 1077 habere
854 1022 1048 1088 debet,
1108 1023 1406 1079 secundum
1446 1040 1580 1095 quas
1621 1022 1672 1077 ei
1709 1023 1827 1077 Deo
1863 1026 1918 1075 et
1954 1038 2074 1076 cum
2119 1019 2218 1074 Deo

360 1101 657 1157 vivendum
711 1106 813 1159 est.
888 1104 1028 1159 Cum
1082 1122 1113 1156 e
1160 1104 1434 1158 contrario
1471 1121 1504 1157 a
1542 1103 1695 1173 lege,
1735 1118 1874 1173 quae
1905 1118 1972 1154 ex
2009 1114 2219 1155 commu·

362 1181 527 1236 nione
562 1198 686 1236 cum
724 1182 897 1238 modis
932 1183 1204 1246 nascitur,
1251 1183 1382 1255 quia
1416 1183 1485 1238 ab
1524 1182 1836 1237 hominibus
1872 1178 2140 1236 secludere
2171 1194 2218 1229 se

364 1264 571 1331 potest,
612 1260 841 1317 liberare
878 1279 934 1315 se
972 1262 1163 1333 possit.

434 1419 571 1473 Cum
610 1420 779 1491 igitur
814 1420 981 1477 talem
1016 1422 1163 1477 inter
1198 1422 1376 1477 Deum
1417 1421 1768 1493 hominesque
1805 1436 2064 1492 ponamus
2099 1434 2222 1473 com-

363 1498 714 1563 munionem,
764 1499 915 1569 juste
972 1503 1161 1572 quaeri
1216 1507 1428 1573 posset,
1491 1503 1760 1575 quomodo
1815 1502 1966 1556 Deus
2023 1496 2225 1554 homini·

366 1576 467 1631 bus
520 1594 578 1631 se
633 1580 1068 1649 cognoscendum
1126 1582 1411 1652 praebeat,
1463 1581 1712 1653 illudque
1767 1598 1897 1635 num
1934 1582 2030 1634 fiat
2065 1576 2225 1633 fierive

363 1662 547 1729 posset
599 1660 780 1715 verbis
814 1662 1123 1717 enunciatis
1160 1663 1248 1717 vel
1286 1661 1598 1719 immediate
1638 1660 1896 1731 nullaque
1932 1659 2042 1714 alia
2074 1675 2127 1712 re
2160 1659 2227 1710 in·

362 1740 703 1806 tercedente‚
743 1759 850 1814 qua
884 1741 1025 1798 illud
1062 1744 1285 1799 faceret.
1351 1742 1770 1813 Respondemus
1809 1740 1988 1795 verbis
2027 1738 2222 1794 omnino

364 1838 505 1883 non:
544 1825 678 1877 tunc
714 1823 856 1877 enim
896 1823 1055 1878 homo
1092 1841 1279 1880 eorum
1309 1823 1762 1894 significationem
1784 1822 1896 1892 jam
1923 1837 2225 1892 cognoscere

366 1900 675 1962 debuisset,
712 1907 1005 1974 antequam
1040 1904 1093 1959 ei
1130 1905 1425 1958 enunciata
1462 1903 1699 1965 fuerint3
1741 1902 1822 1954 uti
1870 1917 1951 1956 ex.
1991 1917 2072 1970 gr.
2101 1899 2229 1954 Deus

369 1979 415 2035 si
450 1979 721 2036 Israelitis
756 1981 1017 2038 dixisset:
1074 2001 1177 2054 ego
1212 1981 1463 2040 ‚Jehovah
1506 2000 1662 2046 sum,
1701 1981 1853 2036 Deus
1891 1985 2098 2040 vester,
2133 1977 2226 2047 jam

366 2058 569 2130 absque
623 2061 802 2116 verbis
858 2079 1079 2116 noscere
1134 2062 1452 2118 debuissent
1509 2080 1630 2116 eum
1677 2079 1794 2116 esse
1834 2061 2044 2125 Deum,
2102 2063 2230 2112 ante·

368 2156 529 2210 quam
584 2140 841 2196 certiores
894 2141 1011 2196 fieri
1066 2147 1323 2211 possent,
1382 2142 1539 2197 illum
1601 2143 1778 2198 Deum
1836 2159 1970 2196 esse.
2049 2139 2228 2194 Vocem

367 2221 513 2275 enim
566 2221 717 2276 illam
772 2226 829 2277 et
864 2221 1133 2293 fulgurem
1172 2223 1352 2279 Deum
1391 2239 1500 2276 non
1538 2241 1656 2277 esse
1699 2221 1978 2285 sciebant,
2033 2220 2131 2274 etsi
2165 2219 2231 2271 di-

367 2300 527 2354 cebat
559 2318 667 2356 vox
702 2319 761 2356 se
795 2320 913 2357 esse
950 2304 1145 2358 Deum.
1193 2303 1455 2374 Idemque
1493 2302 1638 2374 quod
1681 2301 1768 2356 hic
1807 2301 1874 2355 de
1910 2301 2088 2356 verbis
2123 2298 2235 2354 dici·

367 2396 521 2443 mus,
558 2381 627 2436 de
664 2382 915 2436 omnibus
941 2382 1115 2452 signis
1138 2383 1382 2437 externis
1405 2399 1575 2454 aeque
1602 2380 1711 2436 dici
1739 2381 2019 2444 volumus,
2061 2379 2236 2451 quibus

369 2459 704 2530 impossibile
740 2462 993 2516 ducimus
1029 2463 1204 2517 Deum
1247 2479 1304 2516 se
1330 2462 1463 2532 ipsis
1489 2459 1798 2516 hominibus
1823 2459 2232 2530 cognoscendum

369 2538 643 2608 praebere.
720 2541 877 2601 Quae
914 2541 1156 2612 cognitio
1192 2541 1367 2612 igitur
1401 2540 1518 2596 sola
1555 2541 1659 2598 Dei
1701 2540 1939 2595 essentia
1977 2539 2232 2594 hominum
