2432 3554
1293 181 1409 239 302
1438 194 1443 198 “

477 344 629 406 Quid
647 385 662 406 ,
703 343 896 398 amabo
923 384 935 405 ‚
965 345 1233 396 vestrates
1254 342 1509 412 judicant
1534 341 1603 396 de
1626 341 1893 398 Pendulis
1918 340 2271 414 Hugeniani5‚

409 424 658 496 inprimis
713 424 779 478 de
837 423 1054 477 illorum
1111 439 1339 492 genere,
1400 439 1537 494 quae
1582 422 1717 477 adeo
1754 425 2001 477 exactam
2036 423 2272 493 temporis

410 522 716 560 mensuram
743 502 996 558 exhibere
1021 503 1312 564 dicuntur,
1356 507 1418 556 ut
1443 501 1879 572 longitudinibus
1905 503 1963 556 in
1990 502 2120 556 mari
2146 501 2275 556 inve-

413 586 628 642 niendis
666 586 878 656 possint
913 584 1218 638 inservire?
1257 584 1407 644 Quid
1448 587 1612 639 etiam
1638 587 1700 639 fit
1726 585 1792 638 de
1817 585 1989 656 ipsius
2014 584 2274 656 Dioptrica

413 671 473 722 et
525 669 764 720 tractatu
823 664 890 718 de
947 669 1096 718 motu
1142 681 1301 735 quem
1362 669 1649 735 utrumque
1688 664 1782 719 diu
1814 664 1927 736 jam
1966 665 2275 736 exspectavi·
2353 717 2354 720 ,

413 764 550 803 mus,
623 747 820 800 Certus
877 760 993 796 sum
1047 761 1170 796 eum
1220 760 1329 797 non
1367 745 1559 808 otiari3
1623 745 1759 806 scire
1798 749 2011 800 tantum
2046 763 2272 818 cuperem
2353 765 2354 806 j

415 828 545 902 quid
585 829 916 898 promoveat.
993 825 1076 880 Tu
1113 825 1317 896 optime
1354 825 1537 879 valeas
1576 829 1632 878 et
1669 842 1847 879 amare
1886 843 2074 896 pergas

521 907 576 962 A
613 906 898 961 Monsieur
1596 903 1701 960 Tui
1738 905 2186 960 studiosissimum

418 990 606 1046 Monsr
647 987 984 1042 Benedictus
1023 985 1257 1057 Spinoza
1817 983 1885 1041 H.
1924 985 1989 1042 O.

737 1067 771 1122 ὲ,
809 1067 862 1121 la
898 1067 1072 1137 Haye.

492 1152 558 1204 In
594 1149 658 1202 de
691 1147 1134 1217 Baqqq'jnestraet,

429 1234 512 1284 ten
547 1230 700 1300 huyse
737 1245 834 1282 van
868 1244 938 1280 mr
980 1228 1177 1282 Daniel
1211 1228 1275 1281 de
1310 1226 1533 1284 sohilder
1564 1230 1635 1298 ¹),

956 1309 1010 1361 in
1045 1309 1212 1363 Adam
1248 1323 1309 1360 en
1344 1307 1473 1365 Eva.

1315 1551 1432 1658 §¹7.

500 1742 654 1798 Inter
691 1759 810 1807 eas,
855 1759 992 1814 quae
1023 1741 1136 1813 jam
1175 1742 1354 1798 editae
1392 1747 1551 1807 sunt,
1593 1743 1859 1815 Spinozae
1896 1743 2168 1816 epistolas.
2204 1737 2267 1791 lit·

429 1827 578 1879 terae
605 1823 722 1893 ejus
749 1829 1044 1878 occurrunt
1069 1842 1284 1896 quoque
1306 1824 1353 1895 2)
1380 1825 1447 1877 ad
1467 1824 2029 1878 Amstelodamensem
2052 1818 2268 1895 quendam

433 1904 695 1965 amicum,
755 1902 1062 1957 initialibus
1099 1906 1315 1958 tantum
1352 1909 1407 1957 et
1444 1903 1611 1957 titulo
1648 1902 1699 1961 J.
1737 1904 1804 1957 B.
1845 1904 1997 1961 Med.
2041 1905 2125 1959 Dr.
2152 1896 2270 1955 nobis

433 1984 745 2053 cognitum,
787 1983 988 2053 quique
1024 1983 1221 2038 iisdem
1258 1983 1563 2038 initialibus
1600 2001 1791 2038 versus
1835 2002 2049 2055 quoque
2089 1980 2271 2039 Latinos

437 2063 702 2133 signavit,
754 2061 1019 2133 Spinozae
1057 2064 1331 2134 Cogitatis
1370 2064 1765 2136 Metaphysicis
1804 2066 2136 2135 praemissos.
2198 2056 2272 2109 Vi·

435 2142 596 2197 detur
651 2146 830 2196 autem
871 2144 1002 2199 mihi
1041 2144 1263 2215 ignotus
1302 2146 1405 2200 iste
1442 2146 1751 2217 philosophi
1790 2147 1998 2201 amicus
2029 2140 2274 2217 juvenibus

437 2222 560 2278 istis
615 2222 1213 2279 Amstelodamensibus
1270 2225 1740 2289 adnumerandus,
1799 2243 2029 2297 quorum
2076 2227 2125 2278 et
2154 2217 2273 2275 Vrie-

439 2304 557 2359 sius
594 2322 736 2359 unus
759 2346 773 2366 ,
827 2304 1026 2375 quique
1064 2304 1120 2358 in
1159 2303 1392 2375 collegio
1430 2324 1529 2360 suo
1575 2305 1883 2377 philosophi
1924 2306 2159 2361 Ethicam
2191 2312 2275 2350 ma·

440 2385 774 2455 nuscriptam
815 2388 1048 2439 tractare
1087 2385 1351 2441 solebant.

512 2464 726 2520 Nomen
765 2470 945 2519 autem
987 2464 1239 2519 habuisse
1276 2465 1497 2520 videtur
1521 2465 1797 2529 Bresseri‚
1838 2465 1983 2537 quod
2010 2464 2065 2519 in
2093 2451 2280 2533 epistola

441 2546 673 2617 quadam
713 2546 841 2599 anni
881 2544 1020 2602 1675
1059 2544 1365 2609 invenitur,
1408 2547 1550 2600 infra
1576 2547 2042 2602 communicanda.
2078 2542 2157 2599 Ad
2178 2552 2277 2592 eun·

444 2625 564 2678 dem
623 2626 798 2679 virum
857 2623 1076 2679 doctum
1135 2624 1325 2678 literae
1363 2626 1523 2679 etiam
1567 2630 1855 2698 sequentes
1893 2626 2122 2681 ineditae
2154 2613 2276 2674 nobis

444 2705 714 2775 pertinere
787 2704 1071 2767 videntur,
1153 2722 1291 2775 quae
1355 2724 1498 2761 anno
1556 2708 1723 2770 1665,
1800 2724 1983 2761 mense
2037 2702 2167 2772 Majo
2210 2690 2273 2747 vel

443 2787 648 2851 Junio‚
707 2786 940 2857 scriptae
995 2786 1164 2841 fuere.
1235 2786 1318 2840 De
1373 2787 1571 2858 quibus
1610 2804 1737 2841 vero
1777 2787 2051 2841 mensibus
2083 2778 2271 2851 cogitare

510 3036 558 3092 1)
590 3034 782 3081 Videtur
813 3036 952 3094 igitur
983 3036 1294 3096 Tydemannus
1326 3034 1485 3097 Hagae
1516 3051 1690 3095 quoque
1723 3036 2023 3083 habitaculum
2052 3026 2234 3079 habuisse.

509 3108 557 3164 2)
590 3106 721 3165 Apud
754 3107 1000 3154 Bruderum
1035 3104 1190 3155 XLII.
