2432 3554
1226 198 1298 254 12

307 355 560 412 videmus
613 373 752 428 quae
809 355 1044 412 existere
1099 359 1403 430 nequeant,
1464 377 1552 415 ex.
1610 378 1693 432 gr.
1746 360 1931 416 omnia
1970 364 2213 416 monstra

307 452 450 506 quae
505 453 573 490 ex
626 434 842 492 duabus
897 439 1110 491 naturis
1147 443 1634 510 componerentur,
1701 442 1782 496 uti
1820 441 2024 496 animal
2062 437 2211 513 quod

303 519 364 568 et
402 514 685 570 volucrum
723 519 779 570 et
815 533 988 587 equus
1025 520 1170 571 esset
1205 522 1264 572 et
1298 521 1449 584 sim„
1489 537 1627 590 quae
1664 519 1724 575 in
1761 524 1987 584 natura,
2045 535 2210 590 quam

302 594 532 650 omnino
581 595 690 650 alio
731 596 888 651 modo
926 596 1279 667 compositam
1317 598 1593 662 videmus,
1648 600 1881 655 existere
1913 602 2211 672 nequeunt.

307 673 394 729 Ex
419 675 620 746 quibus
645 674 899 731 omnibus
923 678 1040 730 tum
1067 677 1285 731 alterum
1308 677 1741 745 demonstratur,
1771 698 1963 751 nempe
1988 694 2211 734 causam

309 753 548 810 hominis
585 755 740 809 ideae
779 771 890 810 non
927 773 1044 810 esse
1081 756 1388 823 fictionem,
1438 759 1533 812 sed
1570 758 1734 814 aliam
1772 759 2046 831 quandam
2084 774 2214 814 cau-

305 850 422 888 sam
482 839 797 899 externam,
857 853 996 907 quae
1053 853 1176 890 eum
1234 837 1383 910 cogit
1430 856 1601 894 unum
1650 839 1837 910 potius
1874 855 2038 911 quam
2074 837 2214 893 alte-

308 931 429 970 rum
468 914 808 986 intelligere:
851 913 996 986 quod
1036 915 1176 970 nihil
1212 917 1367 972 aliud
1405 922 1489 973 est
1526 936 1687 990 quam
1727 936 1814 976 res
1850 918 1977 976 illas
2014 919 2213 972 sorma-

307 991 438 1049 lite‘r
491 1012 608 1050 esse
645 1001 701 1050 et
738 994 788 1049 ei
826 1011 988 1066 quam
1025 995 1164 1050 alias
1202 997 1511 1069 propiores.
1570 1015 1801 1069 quarum
1840 998 2079 1054 essentia
2116 993 2212 1051 ob·

297 1071 511 1143 jectiva
573 1075 628 1129 in
693 1073 813 1144 ejus
867 1074 1158 1131 intellectu
1201 1083 1304 1132 est.
1379 1077 1437 1134 Si
1478 1077 1649 1148 igitur
1692 1078 1852 1132 homo
1890 1077 1993 1134 Dei
2032 1077 2212 1132 ideam

309 1156 502 1222 habet,
543 1161 696 1228 petet
735 1156 913 1212 Deum
943 1157 1247 1221 formaliter
1272 1175 1387 1212 esse
1414 1156 1637 1222 debere,
1680 1177 1791 1214 non
1815 1176 1944 1214 vero
1969 1159 2211 1214 eminen-

303 1241 422 1299 ter,
463 1254 588 1292 cum
626 1241 780 1292 extra
818 1237 906 1291 vel
944 1255 1108 1310 supra
1145 1255 1271 1293 eum
1308 1236 1385 1292 nil
1414 1237 1489 1292 sit
1512 1238 1883 1310 praestantius
1910 1238 1999 1294 vel
2024 1255 2209 1293 essen-

305 1318 517 1374 idalius.

378 1554 546 1615 Quod
583 1554 804 1627 quidem
847 1555 1006 1610 homo
1043 1554 1148 1610 Dei
1187 1555 1365 1610 ideam
1404 1554 1627 1619 habeat,
1670 1557 1852 1626 patet,
1894 1555 2025 1627 quia
2049 1551 2208 1608 attri-

306 1634 442 1688 buta
479 1633 600 1704 ejus
634 1633 973 1706 intelligiv,
1014 1652 1152 1706 quae
1189 1635 1461 1690 attributa
1497 1636 1567 1689 ab
1604 1633 1703 1690 illo
1740 1635 1968 1707 produci
2008 1651 2210 1706 neque-

307 1717 443 1781 unt,
501 1713 632 1787 quia
687 1715 1038 1787 imperfectus
1082 1718 1179 1772 est.
1252 1715 1419 1774 Quod
1458 1717 1641 1769 autem
1681 1713 1779 1770 illa
1816 1713 2086 1770 attributa
2120 1713 2211 1768 in·

305 1793 557 1865 telligat,
621 1794 751 1851 inde
812 1799 997 1867 patet,
1061 1796 1207 1868 quod
1257 1794 1386 1851 scil.
1463 1794 1602 1850 sciat
1657 1796 1935 1851 infinitum
1992 1811 2103 1849 non
2140 1809 2211 1849 ex

303 1874 541 1929 diversis
566 1876 815 1947 partibus
841 1876 1013 1931 finitis
1037 1876 1289 1949 componi
1318 1892 1505 1946 posse,
1548 1877 1693 1947 quod
1720 1892 1831 1931 non
1856 1874 1966 1929 duo
1992 1872 2211 1929 infinita

307 1956 541 2009 existere
579 1954 822 2028 possint,
865 1956 959 2010 sed
994 1972 1161 2010 unum
1187 1959 1404 2009 tantum
1434 1954 1655 2010 unicum
1675 1997 1691 2019 ,
1732 1953 1877 2027 quod
1906 1956 1979 2009 sit
2004 1954 2210 2025 perfec-

307 2037 425 2089 tum
463 2039 520 2089 et
555 2033 929 2099 immutabile,
970 2052 1093 2091 cum
1135 2034 1271 2089 bene
1310 2034 1447 2090 sciat
1486 2033 1694 2090 nullam
1735 2053 1845 2090 rem
1884 2053 1952 2090 ex
1994 2052 2051 2089 se
2089 2034 2211 2105 ipss

305 2132 458 2169 suam
518 2113 948 2172 destructionem
999 2132 1260 2187 quaerere
1282 2156 1297 2179 ,
1356 2131 1457 2170 nec
1516 2115 1681 2170 etiam
1740 2115 1799 2172 in
1849 2113 2059 2187 aliquid
2098 2130 2208 2167 me·

302 2519 395 2549 non
437 2504 594 2553 habeo.
658 2504 792 2553 Unde
824 2506 990 2567 igitur,
1039 2507 1128 2553 nisi
1161 2506 1216 2554 ab
1250 2506 1441 2554 infinitis
1473 2506 1706 2554 attributis
1740 2504 1883 2567 ipsis,
1934 2520 2049 2564 quae
2080 2502 2215 2550 nobis

298 2575 459 2622 dicunt
491 2592 540 2623 se
572 2576 787 2635 existere,
819 2592 910 2623 non
944 2592 1049 2624 vero
1085 2577 1189 2637 quid
1222 2577 1315 2625 sint
1347 2577 1565 2637 dicentia,
1602 2594 1704 2625 nam
1738 2576 1793 2624 de
1823 2576 1997 2625 duobus
2030 2582 2212 2623 tantum

303 2648 470 2693 scimus
503 2646 608 2706 quid
641 2647 752 2695 sint.

368 2787 416 2844 1)
477 2786 744 2834 Attributst
793 2787 951 2835 melius
998 2792 1114 2835 esset
1157 2787 1269 2836 illud
1302 2786 1422 2847 quod
1453 2788 1554 2835 Deo
1586 2788 1818 2850 proprium
1856 2794 1951 2847 est,
2000 2801 2103 2834 nam
2140 2800 2215 2835 res

303 2857 409 2904 illae
455 2871 547 2904 non
583 2864 688 2905 sunt
718 2858 806 2905 Dei
839 2857 1069 2906 attributa.
1135 2858 1237 2905 Etsi
1274 2857 1394 2927 enim
1425 2858 1549 2905 Deus
1582 2858 1680 2906 sine
1712 2859 1804 2907 illis
1838 2874 1932 2905 non
1967 2858 2091 2906 Deus
2122 2858 2216 2917 sit,

301 2942 398 2974 non
428 2933 578 2975 tamen
611 2944 689 2989 per
721 2929 822 2976 illas
855 2928 980 2975 Deus
1013 2934 1106 2987 est,
1139 2942 1241 2973 cum
1268 2926 1383 2974 nihil
1400 2927 1695 2975 substantiale
1712 2928 1992 2990 significent,
2029 2926 2105 2974 sed
2122 2929 2219 2976 sint

305 3002 483 3045 tantum
515 3000 644 3057 quasi
676 3000 896 3047 attributa
926 3014 1038 3059 quse
1070 2996 1321 3045 substantia
1360 2999 1510 3058 aliqua
1542 2998 1780 3061 indigeant
1810 3004 1861 3046 ut
1892 2998 2187 3061 explicentur.
