2432 3554
1015 181 1132 239 319

141 342 390 412 scriptum
430 341 488 397 in
525 341 702 398 lucem
742 343 958 414 prodire
995 341 1126 397 fecit
1156 348 1195 394 ¹.
1268 340 1357 396 Ad
1398 338 1634 394 natalem
1675 357 1827 394 suam
1867 340 2021 395 Kiss-

139 419 508 492 lingswaldam
565 439 844 487 reversus,
914 423 1108 494 patriis
1144 422 1203 477 in
1241 423 1402 477 terris
1440 425 1573 476 tunc
1610 421 1871 492 degebat,
1931 420 2023 476 ubi

139 515 272 555 anno
313 503 595 572 praedicto
633 507 804 557 morte
842 502 1100 573 abreptus
1137 507 1238 559 est.

201 579 282 635 De
319 582 666 654 philosophia
703 600 830 648 sua,
871 583 1086 655 qualem
1112 583 1170 638 in
1189 581 1472 639 Medicina
1490 580 1589 636 illa
1608 580 1817 636 Mentis
1836 585 2025 652 postea

139 663 413 732 exposuit,
456 680 506 718 a.
545 664 686 718 1689,
723 679 790 718 ex
832 662 1245 718 Amstelodamo
1284 661 1540 732 Hugenio
1578 678 1675 715 suo
1714 661 1933 731 scripsit
1966 660 2026 716 in

139 741 392 811 epistola,
458 760 618 814 quam
677 761 744 798 ex
799 742 1124 798 collectione
1179 741 1513 812 Hugeniana
1568 741 1624 795 in
1684 739 2033 796 Bibliotheca

137 818 488 892 Lugdunensi
529 823 860 879 Academica
891 822 1005 893 jam
1045 822 1101 876 in
1127 820 1304 876 lucem
1332 822 1683 894 proferemus.
1746 820 2030 876 Addemus

139 903 357 957 alteram
415 921 562 958 anno
617 907 878 975 sequente
935 921 964 956 e
1013 899 1474 972 Kisslingswalda
1518 899 1766 962 missam,
1828 901 1885 954 in
1924 918 2033 972 qua

139 981 198 1034 de
232 983 352 1036 vit-a
388 983 724 1054 historiaque
762 982 828 1036 de
867 981 1069 1036 habitis
1107 982 1417 1052 studiisque
1454 982 1569 1035 suis
1606 981 1823 1052 profuse
1861 980 2029 1035 disse-

138 1061 202 1115 rit
236 1062 584 1133 indolemque
623 1079 778 1117 suam
815 1067 872 1116 et
909 1063 1206 1116 ferventem
1246 1061 1470 1115 omnino
1496 1059 1849 1131 scientiisque
1874 1060 2031 1115 abso·

137 1140 242 1196 lute
301 1145 562 1199 devotum
622 1145 864 1199 animum
903 1143 1061 1198 nobis
1099 1141 1431 1196 manifestat.
1504 1139 1831 1211 Hugenius,
1891 1139 2031 1195 libro

133 1229 246 1292 post
282 1225 722 1296 quinquennium
762 1223 946 1286 edito,
989 1240 1086 1293 pro
1119 1219 1416 1291 exemplari
1443 1219 1548 1291 ipsi
1576 1220 1801 1274 remisso
1826 1220 2031 1291 gratias

135 1319 319 1373 agene,
367 1302 776 1358 observationes
814 1321 941 1358 suas
977 1302 1046 1356 de
1083 1300 1327 1356 auctoris
1353 1301 1611 1355 methodo
1637 1299 2032 1372 sententiisque

141 1382 235 1452 ipsi
278 1383 676 1446 communicat,
743 1383 943 1455 quibus
982 1380 1471 1443 TschirnhausiuS,
1527 1397 1627 1434 sua
1664 1380 1815 1442 vice,
1857 1378 2032 1452 longi-

133 1463 316 1517 oribus
363 1463 658 1533 respondet
695 1462 918 1518 litteris.
995 1462 1068 1518 Et
1105 1460 1247 1516 hanc
1285 1460 1572 1532 utriusque
1610 1460 1897 1531 epistolam
1935 1478 2033 1532 pro

134 1557 324 1612 magna
363 1541 559 1597 saltem
599 1546 754 1613 parte
793 1541 882 1596 hic
919 1539 1281 1595 exhibendam
1322 1541 1611 1604 duximus:
1671 1540 1738 1594 de
1776 1540 2032 1597 'Psohirn-

133 1620 305 1677 hausii
362 1621 709 1692 philosophia
761 1637 828 1674 ex
867 1620 1133 1691 Spinozae
1177 1621 1247 1675 de
1293 1619 1673 1675 emendatione
1716 1620 2033 1677 intellectus

132 1705 366 1757 tractatu
389 1744 402 1762 ,
463 1703 567 1756 etsi
607 1701 818 1756 autoris
857 1717 1054 1755 nomen
1094 1701 1259 1755 anxie
1297 1701 1614 1765 reticuerit,
1672 1701 1888 1772 integra
1922 1703 2033 1758 fere

131 1780 324 1838 hausta
361 1800 537 1854 pauca
575 1780 775 1836 deinde
813 1782 1110 1836 addemus:

342 1925 418 1979 M
415 1925 617 2006 onsieur
630 1965 645 1988 ,
684 1940 792 1979 mon
831 1922 936 1979 tres
971 1924 1092 1977 cher
1127 1928 1179 1979 et
1215 1922 1322 1979 tres
1360 1921 1546 1977 honor&
1578 1940 1692 1994 amy

197 2023 327 2078 Non
385 2038 606 2093 possum
663 2020 966 2091 exprimere
1010 2037 1120 2091 qua
1156 2018 1374 2075 laetitia
1411 2020 1639 2074 affectus
1673 2019 1871 2074 fuerim
1908 2038 2034 2075 cum

136 2101 533 2157 nobilissimum
591 2100 768 2155 virum
825 2100 884 2155 in
923 2100 1130 2171 optima
1169 2100 1406 2154 sanitate
1444 2098 1805 2154 constitutum
1843 2100 2034 2172 Hagae

134 2201 237 2237 non
294 2183 376 2237 ita
431 2180 638 2252 pridem
697 2179 1048 2250 offenderim,¹
1105 2179 1426 2249 praesertim
1484 2193 1607 2234 cum
1653 2178 2028 2245 observarem,

134 2264 274 2335 quod
334 2260 503 2333 probe
558 2260 738 2315 adhuc
792 2260 850 2315 in
891 2260 1151 2313 memoria
1203 2258 1311 2329 ipsi
1366 2263 1549 2313 essent
1601 2261 1713 2313 tam
1770 2276 2033 2329 generosa

134 2343 337 2408 officia,
379 2341 580 2414 quibus
617 2339 749 2394 olim
787 2357 872 2395 me
909 2338 1136 2409 Parisijs
1172 2337 1486 2393 cumulatus
1524 2342 1635 2401 est,
1676 2341 1733 2392 et
1768 2340 1914 2411 quod
1959 2340 2030 2395 si·

135 2423 282 2477 milia
336 2422 396 2477 in
455 2421 702 2475 futurum
760 2436 901 2491 quae
940 2418 1074 2475 meis
1111 2416 1307 2487 studijs
1344 2418 1731 2473 continuandis
1767 2419 2031 2475 inservire

134 2507 351 2574 possent
379 2500 654 2556 liberrime
682 2498 813 2552 mihi
839 2498 1214 2569 promitteret;
1258 2515 1537 2568 nunquam
1566 2498 1699 2552 mihi
1727 2497 1877 2553 aliud
1904 2517 2026 2571 pro-

136 2584 384 2639 miseram
441 2598 475 2635 a
532 2584 692 2635 tanto
729 2578 880 2642 viro,
943 2595 1106 2651 quem
1153 2576 1422 2649 singulari
1461 2594 1670 2647 semper
1706 2585 2028 2649 prosecutus

135 2662 212 2717 fui
252 2660 537 2723 aestimio,
585 2674 686 2713 nec
723 2662 955 2729 possunt
991 2658 1103 2713 alia
1139 2674 1172 2711 a
1209 2656 1489 2728 generosis
1526 2656 1799 2713 mentibus
1837 2677 2029 2731 expec-

135 2746 252 2798 tare
286 2741 538 2799 veritatis
577 2737 784 2795 solidae
823 2736 1082 2795 cultores.
1147 2740 1278 2799 Quo
1316 2756 1445 2793 vero
1480 2738 1819 2795 innotescere
1856 2742 2030 2811 possit

194 2934 246 2992 1)
291 2931 446 2981 Editio
496 2944 612 2977 nova
657 2945 700 2977 a.
749 2930 869 2977 1695
917 2926 1101 2989 Lipsiae
1132 2930 1333 2991 prodiit,
1382 2928 1553 2989 adjecta
1584 2930 1805 2978 Medicina
1836 2935 2036 2993 eorporis

130 3002 283 3050 eodem
313 3018 434 3051 anno
466 3000 627 3048 ibidem
660 2998 920 3062 prodeunte.
959 2998 1096 3047 Quod
1127 3000 1259 3049 nobis
1290 3000 1481 3048 inservit
1511 3000 1737 3063 exemplar
1767 3015 1794 3048 e
1823 3001 1950 3051 libris
1967 3012 2035 3052 est

133 3075 438 3125 Bibliothecae
469 3073 609 3121 Δοιᾱ.
639 3072 969 3134 Lugdunensis.
