2432 3554
1276 199 1351 257 56

368 358 548 412 minus
600 357 890 428 praecipue
943 358 1296 429 incipientem
1352 361 1638 430 ponimus,
1694 377 1832 432 quae
1877 358 1947 414 ad
1984 357 2273 428 agendum

370 456 494 493 eum
532 439 824 500 movisset:
869 443 1002 494 tunc
1039 439 1184 493 enim
1222 439 1373 493 Deus
1411 455 1521 494 non
1558 445 1715 496 esset.

435 594 558 648 Jam
619 611 746 648 vero
802 594 1052 664 quaestio
1107 598 1384 658 movetur,
1446 612 1575 650 num
1631 596 1783 650 Deus
1819 609 1981 646 omne
2017 591 2171 663 quod
2211 592 2277 645 in

362 673 485 728 idea
539 673 658 743 ejus
711 674 786 728 sit
843 680 899 726 et
935 674 1080 745 quod
1119 683 1230 728 tam
1269 677 1505 746 perfecte
1543 693 1702 746 agere
1739 672 1947 746 possit,
2008 671 2275 727 omittere

368 759 577 823 posset,
619 760 675 808 et
711 769 842 807 num
880 753 1020 808 illud
1059 755 1310 808 omittere
1348 755 1406 810 in
1444 771 1507 808 eo
1546 755 1805 825 perfectio
1844 752 1931 807 sit.
1970 751 2273 816 Dicimus,

368 835 496 906 quia
550 835 732 888 omnia
769 850 908 906 quae
947 834 1093 888 fiunt
1129 852 1162 888 a
1198 835 1318 890 Deo
1354 840 1628 906 aguntur,
1687 832 1784 888 illa
1826 831 1971 902 apud
2008 847 2134 884 eum
2189 833 2279 885 ita

369 913 674 968 necessario
728 912 1134 982 praedestinata
1181 931 1299 968 esse
1337 915 1561 978 debere,
1620 930 1744 968 cum
1782 911 1943 966 aliter
1982 908 2279 964 mutabilis

369 1001 544 1057 esset,
603 993 748 1064 quod
789 1010 984 1064 magna
1020 994 1076 1048 in
1116 1012 1180 1048 eo
1211 999 1355 1050 esset
1396 994 1763 1064 imperfectio:
1806 996 1863 1046 et
1915 989 2060 1062 quod
2108 1005 2274 1060 prae·

365 1073 661 1128 destinatio
715 1071 814 1126 illa
867 1072 1012 1144 apud
1049 1092 1173 1129 eum
1210 1075 1279 1128 ab
1322 1076 1470 1129 omni
1509 1074 1834 1128 aeternitate
1873 1087 1993 1126 esse
2028 1069 2269 1132 debeat,

368 1155 426 1208 in
481 1170 589 1223 qua
643 1153 966 1208 aeternitate
1021 1171 1124 1209 nec
1177 1158 1298 1208 ante
1334 1169 1433 1208 nec
1459 1157 1581 1222 post
1617 1153 1798 1207 locum
1836 1150 2015 1205 habet.
2096 1149 2285 1204 Unde.

371 1233 617 1304 sequitur
653 1232 830 1287 Deum
869 1241 1031 1288 antea
1067 1252 1152 1288 res
1191 1252 1302 1288 non
1340 1233 1501 1288 aliter
1538 1231 1941 1303 praedestinare
1978 1228 2273 1299 potuisse,

364 1329 526 1383 quam
561 1311 632 1365 ab
659 1316 881 1366 aeterno
918 1314 1325 1384 praedestinata
1362 1317 1519 1376 sunt,
1562 1318 1619 1366 et
1654 1311 1798 1383 quod
1824 1309 1976 1362 Deus
2002 1323 2107 1362 nec
2132 1315 2273 1362 ante

365 1393 524 1445 istam
582 1391 1131 1461 praedestinationem
1187 1409 1289 1449 nec
1326 1393 1445 1447 sine
1480 1411 1545 1446 ea
1581 1409 1697 1447 esse
1735 1391 1933 1462 potuit.
2003 1389 2185 1443 Porro
2224 1391 2275 1443 si

361 1469 513 1524 Deus
548 1469 756 1541 aliquid
793 1471 1096 1537 omitteret,
1157 1473 1259 1528 hoc
1297 1473 1565 1544 proficisci
1604 1471 1823 1526 deberet
1859 1470 1945 1524 vel
1984 1487 2051 1523 ex
2090 1485 2271 1525 causa

366 1549 424 1604 in
452 1567 545 1613 eo,
576 1551 664 1603 vel
690 1569 758 1605 ex
786 1551 940 1606 nulla
964 1570 1151 1618 causa;
1199 1555 1244 1608 si
1272 1553 1411 1608 illud
1432 1595 1449 1616 ,
1475 1569 1695 1608 necesse
1719 1556 1803 1606 est
1820 1593 1833 1614 .
1865 1567 1988 1604 eum
2016 1549 2072 1603 id
2099 1553 2271 1604 omit-

365 1635 480 1684 tere
517 1629 740 1693 debere;
783 1631 832 1686 si
869 1649 996 1686 vero
1034 1633 1157 1698 hoc,
1197 1639 1331 1688 tunc
1368 1649 1587 1688 necesse
1613 1640 1697 1687 est
1722 1649 1845 1686 eum
1872 1647 1981 1684 non
2006 1629 2275 1684 omittere

367 1709 590 1773 debere;
631 1713 776 1782 quod
815 1729 909 1783 per
942 1731 998 1767 se
1035 1719 1204 1785 patet.
1245 1713 1487 1777 Deinde,
1528 1719 1614 1768 est
1650 1712 1909 1785 perfectio
1947 1711 2005 1765 in
2050 1725 2111 1763 re
2146 1727 2271 1766 cre-

365 1794 457 1844 ata
492 1808 608 1845 esse
645 1797 701 1845 et
736 1810 768 1846 a
806 1792 924 1847 Deo
961 1811 1110 1856 esse:
1153 1812 1279 1849 nam
1316 1796 1559 1849 omnium
1587 1794 2057 1864 imperfectionum
2089 1794 2270 1847 maxi·
2330 1822 2337 1829 ·

369 1888 455 1925 ma
491 1873 574 1925 est
609 1888 720 1927 non
747 1890 893 1935 esse;
937 1878 994 1927 et
1029 1875 1159 1945 quia
1195 1875 1345 1931 salus
1382 1880 1439 1929 et
1474 1874 1734 1945 perfectio
1772 1874 2014 1927 omnium
2052 1876 2142 1925 est
2168 1888 2271 1925 vo-

370 1950 554 2004 luntas
589 1950 728 2016 Dei,
771 1952 890 2007 Deo
928 1954 1068 2009 hano
1105 1971 1216 2008 rem
1256 1970 1373 2009 esse
1411 1955 1659 2018 nolente,
1702 1953 1821 2023 ejus
1860 1951 2009 2007 salus
2044 1957 2105 2005 et
2142 1970 2273 2021 per·

367 2030 532 2085 fectio
569 2031 626 2085 in
664 2048 728 2085 eo
765 2032 1088 2087 consisteret
1123 2033 1269 2105 quod
1308 2052 1417 2089 non
1454 2040 1626 2095 esset:
1668 2033 1813 2105 quod
1852 2032 1957 2087 sibi
1984 2032 2271 2087 contradi·

371 2110 474 2172 cit:
517 2110 702 2182 itaque
737 2128 999 2181 negamus
1037 2111 1212 2165 Deum
1252 2113 1503 2167 omittere
1539 2129 1696 2185 posse
1733 2111 1878 2184 quod
1914 2112 2050 2181 agit.
2094 2111 2271 2169 Quod

368 2189 622 2246 nonnulli
660 2208 757 2261 pro
794 2190 1067 2246 calumnia
1105 2196 1162 2246 et
1198 2191 1561 2248 diminutione
1600 2192 1703 2247 Dei
1733 2192 1969 2253 habent:
2011 2190 2113 2245 hoc
2132 2208 2271 2244 vero

370 2270 500 2326 inde
535 2274 743 2334 ortum,
794 2272 937 2342 quod
978 2289 1086 2325 non
1128 2272 1263 2325 bene
1300 2275 1555 2344 capiunt,
1596 2289 1704 2345 qua
1740 2272 1799 2326 in
1836 2287 1895 2324 re
1932 2286 2061 2324 vera
2099 2269 2263 2324 liber-

368 2356 453 2405 tas
489 2350 790 2415 consistat,
850 2352 1048 2423 quippe
1085 2369 1229 2422 quae
1266 2353 1419 2407 nullo
1458 2353 1645 2413 modo,
1708 2353 1789 2405 uti
1827 2356 2055 2422 putant,
2100 2350 2161 2405 in
2202 2368 2269 2403 eo

369 2434 474 2487 sita
529 2433 601 2486 sit
657 2436 720 2487 ut
755 2431 964 2505 aliquid
1002 2450 1161 2504 agere
1197 2433 1287 2487 vel
1324 2435 1575 2489 omittere
1613 2432 1912 2503 possimus:
1966 2429 2060 2483 sed
2100 2429 2160 2483 in
2200 2446 2267 2483 eo

366 2516 579 2567 tanturn
635 2528 764 2565 vera
819 2511 1043 2567 libertas
1097 2514 1379 2577 consistit,
1442 2513 1586 2585 quod
1624 2512 1799 2583 prima
1835 2528 2001 2565 causa
2038 2526 2070 2563 a
2108 2508 2269 2563 nulla

368 2590 476 2646 alia
531 2609 587 2645 re
643 2609 828 2662 pressa
882 2592 968 2645 ve}
1007 2594 1315 2649 necessario
1353 2599 1576 2659 coacta,
1634 2590 1751 2647 sola
1788 2607 1888 2646 sua
1926 2589 2265 2661 perfectione
