2432 3554
1284 225 1400 284 100

396 388 638 446 tionibus
675 388 839 445 videt.
898 387 1117 444 Tertius
1154 385 1341 459 itaque
1377 386 1578 442 certior
1613 385 1830 459 quidem
1867 389 1954 440 est
1988 399 2120 440 vera
2139 385 2284 449 fide,

395 487 534 542 quae
590 486 865 540 nunquam
921 486 1044 524 eum
1100 467 1290 522 fallere
1347 471 1524 538 potest
1573 470 1630 520 et
1666 481 1854 520 revera
1881 465 2044 520 fldem
2083 465 2282 529 habete

394 553 623 623 quartus
660 553 841 603 autem
879 565 978 602 nec
1014 547 1324 619 opinionem
1362 563 1464 601 nec
1487 545 1647 600 fidem
1671 545 1864 610 habet,
1903 545 1998 600 sed
2025 560 2111 600 res
2131 545 2290 616 ipsu

397 629 633 685 intuitus
670 632 783 692 est,
826 643 925 682 neo
960 625 1072 682 alia
1108 645 1165 682 re
1204 641 1368 698 quam
1405 625 1566 680 rebus
1602 625 1752 696 ipsi-s.
2139 639 2146 646 ·

960 1026 1209 1084 CAPUT
1271 1025 1710 1082 SECUNDUM.

627 1201 771 1250 Qun>
809 1200 897 1244 sut
932 1201 1133 1242 ummo
1149 1227 1164 1250 ,
1206 1201 1374 1241 mnas
1387 1223 1403 1249 ,
1443 1197 1516 1240 m
1553 1197 1832 1242 coennro
1869 1199 2070 1242 cnm.

466 1345 589 1402 Jam
642 1345 998 1402 tractabimus
1035 1345 1103 1400 de
1142 1345 1324 1400 variae
1359 1343 1690 1416 cognitionis
1727 1343 2034 1407 effectibus,
2069 1343 2142 1400 de
2180 1363 2294 1418 qua

394 1426 573 1498 capite
611 1425 954 1497 praecedenti
993 1424 1376 1497 loquebamur,
1417 1428 1474 1479 et
1511 1428 1770 1496 tanquam
1805 1425 2106 1481 intransitu
2131 1427 2288 1482 dice-

403 1524 549 1570 mus,
591 1507 720 1580 quid
762 1505 833 1561 sit
870 1503 1296 1586 opiniohfides,
1332 1508 1390 1559 et
1425 1505 1668 1575 cognitio
1703 1505 1868 1560 clara.

465 1663 702 1719 Primam
740 1679 997 1720 vocamus
1034 1663 1374 1734 opinionem,
1417 1663 1618 1738 quippe
1653 1681 1792 1735 quae
1827 1664 1994 1718 errori
2036 1664 2292 1735 subjecta

399 1761 498 1801 nec
536 1760 774 1816 unquam
814 1743 993 1799 locum
1030 1741 1229 1799 habeat
1266 1743 1323 1799 in
1362 1761 1418 1799 re
1455 1743 1614 1815 cujus
1639 1744 1898 1799 certiores
1921 1745 2288 1807 sumusfse'd
2393 1719 2396 1765 ¹

396 1825 452 1880 in
509 1823 605 1879 illa
659 1823 1068 1888 tantummodo,
1128 1840 1290 1896 quam
1345 1824 1693 1895 conjicimus,
1754 1824 1841 1878 vel
1896 1824 1964 1878 de
2019 1838 2130 1895 qna
2167 1824 2285 1881 diei
2392 1844 2393 1876 i

397 1904 553 1961 nobis
590 1904 825 1959 videtur.
2390 1944 2391 1986 1

464 1984 768 2040 Secundam
806 1984 964 2038 fidem
1003 2000 1289 2045 vocamus,
1329 1986 1457 2056 quia
1494 2002 1610 2047 res.
1651 1985 1768 2040 sola
1803 1984 2012 2039 ratione
2047 1990 2286 2055 captae,

393 2081 427 2120 a
481 2064 638 2119 nobis
694 2080 803 2119 non
840 2064 1127 2130 videntur,
1186 2064 1449 2136 nobisque
1485 2063 1602 2119 sola
1639 2064 1984 2135 persuasione
2017 2064 2078 2119 in
2117 2064 2286 2120 intei-
2388 2074 2389 2094 ἢ

395 2144 541 2199 lectu
578 2144 857 2215 cognitum
897 2150 1009 2209 est,
1051 2160 1142 2198 eas
1178 2142 1259 2198 ita
1295 2160 1396 2199 nec
1432 2144 1592 2200 aliter
1629 2163 1688 2199 se
1723 2144 1919 2198 habere
1957 2143 2044 2199 vel
2081 2144 2286 2200 habere
2386 2176 2387 2204 i

426 2240 565 2281 osse.

390 2242 425 2297 p
462 2302 700 2360 Tertiam
738 2299 1105 2372 cognitionem
1140 2301 1344 2357 claram
1383 2318 1670 2365 vocamus,
1711 2320 1819 2357 non
1856 2302 2001 2373 quod
2035 2302 2172 2357 talis
2211 2302 2287 2359 ait
2384 2294 2385 2314 ¹

390 2384 600 2440 ratione
638 2382 1027 2454 persuadente,
1068 2380 1163 2436 sed
1202 2398 1366 2439 sensu
1403 2386 1458 2437 et
1495 2382 1756 2437 fruitione
1793 2398 1970 2437 rernm
1996 2382 2282 2452 ipsarum:
2382 2402 2383 2424 1

392 2464 695 2535 ceterisque
734 2461 908 2517 multo
943 2461 1240 2532 praecellit.

462 2621 617 2679 Haec
652 2620 915 2693 praefati,
954 2618 1236 2675 veniamus
1269 2619 1381 2690 jam
1415 2620 1485 2673 ad
1525 2634 1709 2675 earum
1745 2618 1968 2674 effectus
1995 2636 2010 2681 ς
2059 2619 2127 2673 de
2157 2621 2282 2691 qui·
2377 2608 2379 2642 ³

394 2702 496 2758 bus
540 2701 771 2759 dicimus
792 2739 810 2765 ,
848 2718 877 2754 e
914 2700 1089 2771 prima
1125 2698 1256 2754 oriri
1293 2714 1479 2753 omnes
1515 2698 1792 2769 passiones
1817 2716 1956 2771 quae
1981 2714 2106 2755 cum
2133 2699 2282 2755 bona
2376 2724 2377 2752 ι

392 2784 602 2841 ratione
638 2783 919 2853 pugnant,
957 2798 989 2833 e
1026 2779 1264 2835 secunda
1302 2778 1470 2833 bonos
1495 2780 1801 2851 appetitus.
1839 2796 1872 2833 e
1895 2779 2062 2835 tertia
2086 2794 2278 2835 verum
2373 2802 2375 2860 Ι

392 2869 450 2917 et
485 2861 757 2917 sincerum
794 2876 1029 2915 amore-m
1066 2876 1190 2915 oum
1229 2858 1481 2915 omnibus
1519 2860 1684 2916 ramis
1719 2860 1854 2931 ejus.
2371 2904 2373 2970 i

466 3096 558 3152 Ita
614 3100 676 3149 ut
726 3096 1020 3165 proximam
1056 3095 1367 3167 passionum
1405 3112 1624 3151 causam
1663 3097 1720 3151 in
1759 3101 1936 3153 mente
1973 3098 2278 3153 habeamus
