2432 3554
1325 190 1445 249 230

507 354 593 409 Ex
619 352 876 409 omnibus
915 351 1081 408 dictis
1127 351 1287 409 facile
1326 350 1662 423 intelligitur
1697 366 1967 423 quaenam
2003 348 2076 405 sit
2110 346 2302 402 libertas

435 434 676 489 humana
699 431 741 501 ι)
760 474 774 495 .
805 449 967 504 quam
996 432 1173 503 igitur
1200 431 1402 487 definio
1422 473 1436 495 ,
1468 450 1585 487 esse
1612 439 1729 485 eam
1754 432 1963 485 firmam
1989 426 2303 483 existentiam

434 530 595 585 quam
652 512 968 568 intellectus
1025 516 1212 566 noster
1267 512 1598 567 immediata
1655 528 1752 566 sua
1806 526 1934 565 cum
1975 508 2094 563 Deo
2130 505 2303 561 unione

434 594 703 667 acquirit,
763 596 827 648 ut
872 593 931 647 in
988 609 1045 645 se
1086 591 1354 663 producat
1394 594 1574 659 ideae,
1633 596 1688 645 et
1725 593 1880 645 extra
1917 607 1975 644 se
2012 605 2172 659 opera
2203 600 2304 641 cum

436 674 556 744 ejus
611 677 811 727 natura
867 671 1003 726 bene
1059 672 1482 738 convenientia,
1547 688 1668 727 cum
1724 674 1908 723 tamen
1967 686 2066 725 nec
2104 686 2192 722 eae
2225 680 2306 719 nec

440 770 605 825 opera
660 753 780 823 ejus
836 751 1162 817 quibusdam
1213 753 1457 809 externis
1510 749 1755 820 subjecta
1804 749 1917 804 sint
1972 748 2181 812 causis,
2231 763 2306 819 per

436 850 572 905 quas
611 831 810 886 mutari
846 830 934 885 vel
972 834 1298 887 commutari
1337 832 1564 904 possint.
1625 830 1726 884 Uti
1763 834 1820 883 et
1855 846 1925 885 ex
1962 846 2026 883 eo
2051 828 2192 901 quod
2216 828 2306 881 dic·

438 922 556 968 tum
602 916 686 966 est
727 914 908 982 patet,
962 927 1230 982 quaenam
1269 930 1353 967 res
1391 912 1449 967 in
1487 912 1758 984 potestate
1800 912 1990 963 nostra
2026 926 2126 963 nec
2160 912 2307 961 exter·

431 995 519 1049 nis
575 992 759 1048 causis
815 992 1106 1062 subjectae
1154 992 1282 1049 sint.
1365 992 1494 1052 Quo
1532 990 1697 1044 etiam
1735 988 1898 1043 simul
1935 990 2310 1043 demonstratur

442 1076 666 1127 aeterna
723 1076 780 1127 et
814 1076 1075 1127 constans
1132 1071 1454 1129 intellectus
1494 1072 1669 1125 nostri
1706 1070 1948 1132 durati0‚
2011 1074 2070 1123 et
2105 1068 2310 1138 denique

440 1168 706 1223 quaenam
766 1149 879 1206 sint
931 1168 1126 1222 opera,
1186 1168 1326 1223 quae
1385 1169 1513 1223 prae
1549 1150 1800 1205 omnibus
1839 1148 1965 1205 aliis
2003 1146 2310 1205 aestimanda

442 1234 573 1288 sint.

1012 1452 1038 1475 Q

510 1548 547 1603 J
554 1566 641 1603 am
696 1547 830 1602 mihi
868 1550 1069 1610 restat,
1124 1549 1310 1603 omnia
1347 1551 1408 1603 ut
1447 1546 1518 1601 ad
1560 1548 1721 1602 finem
1757 1546 2154 1618 perducamus,
2205 1542 2310 1598 ami·
2386 1568 2388 1611 g

445 1644 570 1692 cos,
644 1627 845 1699 quibus
904 1626 1043 1681 haec
1098 1627 1313 1693 scribo,
1381 1626 1687 1688 adhortari,
1759 1643 1826 1679 ne
1882 1626 2151 1681 mirentur
2199 1638 2312 1677 nova
2386 1618 2392 1655 *²

446 1711 612 1781 (quae
652 1706 739 1761 hic
775 1707 919 1762 forte
956 1706 1266 1777 viderent);
1326 1725 1412 1762 res
1453 1708 1597 1761 enim
1635 1723 1764 1760 vera
1800 1723 1918 1759 esse
1955 1723 2071 1761 non
2107 1700 2304 1759 desinit.
2390 1708 2392 1733 ²

447 1789 577 1860 quia
633 1804 743 1842 non
798 1805 831 1842 a
886 1787 1137 1858 pluribus
1174 1792 1401 1860 accepta
1437 1790 1536 1843 est.
1609 1785 1689 1841 At
1721 1787 1850 1858 quia
1885 1787 2097 1842 conscii
2133 1799 2312 1858 quoque

446 1869 581 1923 estis
637 1867 925 1940 qualitatis
980 1867 1150 1922 seculi
1207 1869 1266 1922 in
1303 1885 1411 1938 quo
1450 1867 1716 1929 vivimus,
1776 1883 1940 1938 quam
1980 1867 2207 1921 maxime
2237 1878 2313 1914 vos
2376 1860 2392 1898 ⁵³

446 1965 635 2020 precor
672 1952 735 2002 ut
772 1965 959 2003 curam
999 1946 1246 2001 habeatis
1283 1948 1430 2003 circa
1456 1948 1949 2002 manifestationem
1983 1953 2172 2001 horum
2195 1941 2310 1998 aliis.
2386 1995 2392 2016 v,

446 2028 575 2083 Non
619 2027 799 2083 dicere
836 2026 992 2091 vole,
1050 2045 1149 2082 vos
1186 2047 1251 2082 ea
1287 2029 1510 2083 omnino
1547 2027 1829 2082 vobiscum
1867 2043 2086 2080 servare
2123 2024 2316 2079 debere,

448 2107 545 2162 sed
598 2111 846 2171 tantum,
905 2106 952 2161 si
1008 2124 1250 2179 unquam
1298 2107 1582 2178 incipiatis
1618 2106 1716 2161 illa
1752 2104 1972 2162 cuidam
2009 2104 2316 2176 patefacere.
2386 2101 2392 2136 ’·

450 2186 639 2242 nullus
711 2185 867 2240 vobis
934 2186 1080 2241 adsit
1152 2203 1350 2257 scopus
1432 2187 1538 2242 nisi
1604 2187 1976 2257 proximorum
2041 2187 2318 2238 vestrorum
2386 2179 2388 2188 ²

450 2269 633 2333 salus,
691 2266 1017 2324 certioribus
1056 2267 1220 2322 simul
1256 2285 1417 2339 quam
1459 2265 1896 2327 evidentissime,
1941 2263 2146 2320 laboris
2180 2256 2320 2314 vestri

520 2939 567 2997 1)
636 2937 724 2986 Rei
770 2939 1003 2987 servitium
1034 2939 1083 2986 in
1114 2953 1171 2986 eo
1202 2939 1414 2988 consistit
1429 2975 1444 2998 ‚
1491 2939 1610 3002 quod
1642 2938 1788 2986 causis
1819 2937 2015 2986 externis
2043 2934 2232 2994 subjectu
2257 2927 2320 2984 ⁸¹³3
2386 2917 2388 2920 ,

454 3008 643 3058 liberta·
674 3025 782 3058 vero
815 3016 1005 3070 contra,
1038 3010 1157 3070 quod
1188 3025 1242 3058 aa
1273 3010 1332 3058 iis
1363 3025 1456 3057 non
1483 3011 1684 3072 subjecta
1713 3009 1788 3058 sed
1819 3009 1877 3058 ab
1904 3009 1962 3056 iis
1991 3007 2134 3056 libera
2160 3003 2230 3050 sit.
