2432 3554
1286 176 1362 234 32

377 342 442 394 ut
476 355 608 395 vero
645 338 702 394 in
743 335 962 392 infinita
997 338 1199 392 natura
1238 339 1419 407 partes
1446 336 1861 408 concipiantur,
1903 335 2019 390 fieri
2047 337 2291 406 nequit,

375 423 560 491 partes
596 419 738 474 enim
777 433 966 472 omnes
1001 417 1150 472 'illae
1186 423 1385 472 natura
1422 433 1523 470 sua
1557 415 1805 472 infinitae
1842 433 1958 470 esse
1996 415 2297 473 deberent.

373 500 566 566 Adde,
595 500 641 554 si
667 516 732 554 ex
759 497 992 554 diversis
1018 497 1269 568 partibus
1288 497 1643 559 consisteret,
1678 496 1915 567 intelligi
1942 512 2052 550 non
2080 513 2261 567 posse
2278 538 2297 560 ,

377 579 525 650 quod
549 621 564 642 ,
621 577 946 650 quibusdam
1002 575 1121 647 ejus
1175 576 1425 648 partibus
1480 578 1778 632 destructis
1802 616 1819 642 ,
1886 579 2139 632 extensio
2204 583 2299 634 ta·

378 677 502 714 men
546 662 820 722 maneret,
881 673 982 712 nec
1020 673 1143 711 cum
1183 655 1432 728 part-ibus
1470 657 1583 712 illis
1620 657 1915 712 destructis
1952 657 2119 712 simul
2162 658 2301 714 des·

377 743 678 800 trueretur;
721 736 868 810 quod
905 735 1052 792 clare
1089 753 1271 792 secum
1311 743 1525 807 pugnat
1558 737 1617 792 in
1645 736 1743 792 tali
1764 755 1852 800 re,
1892 755 2031 808 quae
2058 739 2305 810 propria

377 837 478 875 sua
532 825 730 874 natura
782 815 997 872 infinita
1053 820 1168 878 est,
1222 831 1323 872 nec
1378 833 1616 888 unquam
1666 817 1960 870 terminata
1995 815 2083 870 vel
2120 817 2308 872 finita

375 918 495 956 esse
529 899 620 953 vel
655 897 870 966 concipi
908 899 1103 968 potest.
1177 893 1379 960 Porro,
1420 895 1565 968 quod
1603 897 1805 950 attinet
1842 895 1913 950 ad
1950 895 2304 952 divisionem

377 981 438 1036 in
473 983 700 1039 natura,
761 995 854 1040 ea,
914 976 997 1031 uti
1029 976 1142 1046 jam
1179 975 1391 1031 dictum
1430 982 1547 1042 est,
1588 993 1697 1032 non
1736 978 1799 1030 fit
1834 976 1892 1031 in
1930 975 2303 1042 substantia,

379 1059 474 1116 sed
529 1074 741 1129 semper
793 1061 850 1110 et
903 1055 1080 1110 solum
1137 1057 1196 1111 in
1236 1055 1395 1111 modo
1434 1056 1808 1119 substantiae;
1869 1073 2062 1128 aquam
2106 1056 2305 1127 igitur

377 1139 662 1199 dividens,
703 1153 812 1192 non
852 1135 1214 1192 substantiam
1255 1135 1477 1201 divido,
1518 1137 1611 1191 sed
1650 1141 1865 1192 tantum
1904 1137 2123 1192 modum
2158 1140 2303 1194 sub·

380 1218 650 1280 stantiae;
709 1235 846 1288 quae
903 1216 1245 1279 substantia,
1302 1232 1613 1287 quanquam
1664 1216 2026 1273 diversimode
2066 1219 2302 1274 modifi-

381 1303 532 1361 cata,
575 1315 786 1369 semper
820 1301 1004 1352 tamen
1041 1296 1231 1351 eadem
1268 1303 1373 1350 est.

453 1614 670 1670 Divisio
716 1614 902 1685 itaque
937 1611 1025 1666 vel
1064 1613 1245 1683 passio
1271 1613 1327 1667 in
1354 1613 1515 1668 modo
1539 1617 1753 1668 tantum
1781 1616 1871 1677 fit:
1918 1616 2027 1676 uti,
2072 1615 2119 1671 si
2150 1617 2301 1675 dici-

383 1712 534 1756 mus,
595 1693 864 1748 hominem
920 1692 1096 1762 perire
1133 1692 1223 1748 vel
1260 1692 1501 1755 destrui,
1565 1700 1665 1750 hoc
1701 1698 1920 1750 tantum
1958 1697 2025 1748 de
2064 1695 2303 1754 bomine

388 1773 751 1844 intelligitur,
813 1779 976 1845 prout
1023 1771 1132 1827 tale
1179 1773 1540 1844 compositum
1579 1779 1634 1829 et
1672 1774 1863 1829 modus
1902 1775 2299 1843 substantiae,

385 1872 494 1910 non
533 1872 661 1909 vero
697 1854 816 1924 ipsa
853 1852 1163 1909 substantia
1199 1854 1304 1917 sit,
1346 1872 1447 1913 nec
1483 1857 1660 1928 quoad
1682 1857 2045 1911 substantiam
2067 1892 2085 1921 ‚
2124 1876 2165 1912 a
2186 1877 2305 1931 qua

384 1934 604 2012 pendet.
681 1935 854 1989 Porro
884 1933 999 2003 jam
1037 1934 1351 2005 posuimus,
1392 1937 1475 1991 uti
1502 1941 1560 1990 et
1584 1940 1773 2008 postea
1792 1939 1919 2001 fiet,
1959 1936 2099 1992 nihil
2126 1949 2300 1995 extra

376 2016 562 2071 Deum
602 2013 862 2069 exsistere
899 2030 1130 2084 eumque
1166 2030 1283 2067 esse
1322 2031 1541 2069 causam
1580 2017 1980 2073 immanentem.
2030 2016 2143 2071 Sed
2172 2036 2301 2089 pas·

387 2096 501 2155 sio,
542 2112 666 2150 cum
705 2112 874 2164 agens
911 2098 966 2147 et
994 2094 1208 2165 patiens
1230 2094 1477 2150 distincti
1502 2096 1645 2161 sint,
1684 2101 1873 2166 aperta
1892 2103 1977 2150 est
1996 2096 2299 2168 imperfec-

385 2177 495 2236 tio:
538 2175 752 2245 patiens
789 2174 932 2227 enim
973 2175 1278 2229 necessario
1314 2173 1384 2228 ab
1421 2192 1484 2229 eo
1523 2176 1755 2244 pendere
1794 2176 1986 2240 debet,
2025 2178 2179 2247 quod
2204 2198 2302 2235 ex-

386 2257 658 2310 trinsecus
697 2254 1000 2325 passionem
1039 2254 1096 2307 in
1137 2271 1200 2307 eo
1240 2255 1580 2316 causaverit;
1621 2256 1764 2326 quod
1805 2256 1862 2309 in
1885 2256 2036 2319 Deo,
2078 2260 2299 2331 quippe

387 2336 659 2407 perfecto,
698 2333 850 2388 nullo
879 2333 1036 2387 modo
1063 2335 1139 2390 fit.
1177 2335 1347 2389 Porro
1376 2335 1441 2388 de
1464 2333 1563 2389 tali
1585 2340 1779 2405 agente
1798 2377 1811 2393 .
1842 2336 1937 2406 qui
1958 2352 2053 2406 per
2073 2354 2131 2389 se
2162 2356 2299 2409 ope·

388 2421 543 2471 ratur
561 2457 574 2471 .
615 2414 722 2469 dmi
751 2414 942 2485 nequit
969 2432 1089 2467 eum
1113 2413 1577 2484 imperfectionem
1599 2416 1859 2486 patientis
1882 2416 2102 2479 habere,
2164 2436 2297 2475 cum

387 2495 458 2549 ab
482 2495 593 2549 alio
620 2512 727 2548 non
756 2495 1033 2564 patiatur,
1081 2497 1161 2549 uti
1189 2494 1505 2550 intellectus
1531 2496 1653 2566 qui,
1686 2497 1769 2550 uti
1796 2502 1851 2562 et
1878 2497 2193 2568 philosophi
2218 2501 2301 2555 di-

389 2580 553 2637 cunt,
595 2574 714 2644 ejus
752 2574 996 2629 idearum
1035 2590 1200 2629 causa
1220 2582 1333 2637 est:
1374 2592 1497 2629 cum
1519 2593 1645 2629 vero
1667 2576 1741 2630 sit
1760 2594 1927 2631 causa
1946 2577 2297 2643 immanens,

391 2656 516 2726 quis
571 2655 750 2709 dicere
800 2653 1053 2716 audebit,
1115 2672 1237 2707 eum
1289 2655 1665 2725 imperfectum
1702 2674 1821 2710 esse
1858 2657 2115 2727 quamdiu
2158 2676 2197 2712 a
2238 2678 2299 2714 se
