2432 3554
1052 169 1169 228 305

975 302 1162 418 γε.

243 486 415 552 Cum,
478 489 676 560 quibus
732 488 822 544 hic
871 488 1079 543 utimur
1115 487 1468 560 epistolarum
1510 487 1773 558 Spinozae
1808 489 2059 556 autogra-

165 565 318 637 phis,
379 567 497 638 ipsa
553 567 652 623 illa
707 586 824 624 esse
881 573 1093 639 pateat,
1151 587 1291 640 quae
1348 566 1671 639 philosopho
1727 569 1939 620 mortuo
1988 564 2056 619 ab

169 645 380 718 hospite
431 645 555 703 Van
595 648 690 703 der
727 648 910 720 Spijck
951 648 1172 703 librario
1208 647 1453 704 Johanni
1486 647 1797 702 Rieuwerts
1836 645 2059 700 remissa

163 730 288 780 sunt
312 729 377 796 ¹),
419 744 527 782 non
567 728 761 782 mirum
801 727 946 782 inter
984 745 1048 782 ea
1073 728 1276 799 primos
1300 727 1370 782 ab
1395 733 1617 783 auctore
1644 729 1891 781 exaratos
1918 726 2057 796 epis-

161 805 391 861 tolarum
433 812 730 879 conceptus
786 806 1052 872 inveniri,
1103 807 1295 880 quales
1326 807 1440 880 jam
1478 808 1535 862 in
1576 805 1807 878 epistola
1842 822 2055 876 praece-

163 885 322 940 dente
386 890 552 958 atque
614 886 728 942 illis
789 887 860 941 ad
916 886 1190 942 Vriesium
1250 892 1306 942 et
1360 887 1675 942 Bresserum
1734 886 2051 951 habuimus,

161 963 358 1035 quique
416 965 651 1019 nominis
713 964 1118 1036 subscriptione
1155 965 1358 1038 privati
1396 971 1658 1038 tanquam
1695 965 1833 1020 tales
1870 983 1928 1019 se
1965 983 2055 1020 ex-

166 1043 370 1100 hibent.
447 1045 670 1101 'I'ertius
721 1046 901 1101 adhuc
958 1046 1154 1101 similis
1209 1045 1474 1117 epistolae
1512 1050 1808 1117 conceptus
1844 1045 2056 1099 inveni-

161 1132 277 1188 tur,
339 1124 493 1181 illius
539 1143 618 1181 sc.
658 1143 819 1197 quam
859 1125 928 1179 ad
966 1127 1043 1181 Is.
1086 1125 1295 1198 Orobio
1330 1127 1397 1180 de
1435 1126 1630 1181 Castro
1676 1125 1893 1196 scripsit
1938 1127 2051 1196 (ap.

157 1202 325 1260 Brud.
385 1204 666 1274 xmxn),
726 1204 885 1275 cujus
942 1204 1030 1260 hic
1073 1223 1137 1258 ea
1192 1205 1260 1258 de
1307 1222 1473 1260 causa
1511 1205 1839 1260 mentionem
1876 1205 2053 1260 facere

156 1299 347 1354 operae
403 1285 640 1357 pretium
699 1284 992 1346 habemus,
1069 1285 1198 1356 quia
1254 1286 1312 1341 in
1368 1290 1637 1357 conceptu
1684 1285 1949 1340 nonnulla
1984 1285 2054 1339 ab

156 1363 267 1433 ipso
307 1366 576 1436 scriptore
613 1381 767 1419 erasa
806 1365 990 1428 fuere,
1029 1363 1231 1433 quibus
1266 1365 1498 1437 primum
1526 1383 1593 1420 ex
1618 1364 1896 1419 Velthusii
1926 1363 2054 1427 „in-

155 1445 351 1512 eptiis”
411 1443 558 1515 apud
595 1462 718 1498 eum
758 1444 1050 1499 oriundum
1091 1462 1310 1499 sensum
1350 1444 1506 1498 nobis
1544 1445 1889 1505 manifestat,
1932 1462 2057 1498 mox

157 1521 208 1577 in
258 1525 380 1596 ipsa
417 1525 487 1579 ad
528 1524 732 1581 Orobio
772 1525 937 1578 missa
974 1523 1207 1593 epistola
1245 1523 1427 1578 verbis
1464 1524 1753 1579 admodum
1792 1524 2057 1595 mitigatis

156 1620 481 1674 expressum.
554 1605 818 1676 Legimus
867 1604 1011 1658 enim
1067 1603 1122 1657 in
1181 1606 1486 1674 conceptu,
1548 1621 1644 1674 pro
1683 1603 1797 1657 illis
1836 1602 1949 1668 „ad
1987 1604 2052 1658 li-

156 1679 354 1738 bellum
413 1683 566 1739 illius
621 1683 728 1739 viri
787 1682 1020 1755 quem”:
1081 1686 1201 1748 „ad
1254 1685 1480 1754 ineptias
1515 1683 1669 1738 illius
1706 1684 1841 1746 viri,
1895 1683 2055 1753 cujus

155 1763 412 1836 scriptum
437 1806 449 1822 .
493 1768 636 1824 etc.:
678 1780 776 1835 pro
816 1764 957 1828 „sed
995 1764 1063 1817 ad
1103 1765 1286 1819 rem”:
1332 1769 1481 1829 „tam
1516 1765 1645 1819 enim
1679 1766 1874 1819 versuti
1908 1783 2056 1836 quam

154 1844 499 1911 superstitiosi
534 1844 827 1913 iquos-antes
863 1844 1043 1897 malum
1079 1846 1299 1899 animum
1336 1845 1524 1898 habere
1557 1845 1732 1900 solent.
1790 1845 2062 1915 Quidquid

151 1922 218 1973 sit
269 1923 385 1993 ejus
421 1940 496 1977 mc
531 1923 807 1976 maledicta
844 1923 981 1976 nihil
1012 1928 1237 1988 movent,
1296 1926 1423 1995 quia
1459 1926 1576 1978 novi
1609 1942 1711 1995 qua
1746 1925 1947 1978 ratione
1986 1926 2055 1979 is·

153 2002 242 2053 tud
294 2002 541 2055 hominum
595 2018 755 2071 penus
809 2005 1065 2055 assuetum
1106 2006 1180 2057 sit
1215 2005 1355 2057 viros
1391 2006 1630 2074 inqcuuos
1665 2007 1909 2060 tractare.
1989 2004 2060 2059 Ut

155 2078 316 2147 iqitur
343 2082 406 2135 id
419 2124 433 2142 ‚
475 2082 611 2152 quod
633 2082 898 2135 ostendere
922 2084 1033 2135 voto
1045 2120 1062 2146 ‚
1103 2086 1328 2153 breviter
1350 2086 1605 2139 absolvam
1622 2127 1635 2146 ‚
1665 2103 1840 2155 pauca
1863 2090 2057 2141 tantum

154 2174 211 2211 ez·
263 2161 439 2215 multis
482 2178 614 2231 quae
649 2161 789 2214 discit
827 2162 1036 2224 notabo,
1096 2167 1155 2218 tu
1190 2165 1399 2236 reliqua
1434 2166 1682 2236 conijcitO.
1762 2164 2058 2236 „Epistola

154 2252 308 2303 porro
346 2239 593 2310 procedit
632 2240 714 2294 uti
747 2239 860 2309 jam
903 2240 1052 2295 edita
1089 2242 1295 2314 legitur
1331 2262 1503 2316 usque
1542 2245 1610 2299 ad
1650 2245 1676 2316 ᾗ
1714 2248 1745 2299 5
1787 2244 2053 2310 mediam,

155 2316 243 2371 ubi
282 2324 405 2391 post
445 2321 708 2390 intelliyat
743 2337 840 2391 pro
881 2323 1237 2391 sequentibus
1273 2324 1507 2394 primum
1534 2323 1845 2395 legebatur:
1908 2324 2059 2389 „Sed

155 2396 274 2452 haec
308 2403 508 2469 captum
547 2401 694 2454 illius
730 2402 837 2454 viri
870 2419 1116 2471 superare
1152 2403 1394 2457 videntur
1410 2445 1425 2467 ‚
1482 2420 1571 2457 nec
1606 2422 1711 2458 cum
1746 2422 1836 2459 suo
1875 2403 2051 2459 Carte-

155 2476 226 2529 82'0
281 2480 563 2549 concepisse
618 2482 772 2548 (eum)
809 2482 960 2534 credo
978 2523 991 2544 ‚
1051 2484 1186 2551 quod
1221 2484 1439 2537 libertas
1474 2501 1567 2537 non
1603 2485 1848 2538 consistat
1884 2485 1936 2537 in
1974 2486 2050 2539 in·

158 2555 451 2625 differentia
467 2598 485 2622 ,
541 2561 634 2613 sed
674 2577 763 2613 nos
797 2563 901 2613 tum
935 2562 1148 2615 maxime
1183 2562 1371 2615 liberos
1406 2581 1540 2624 esse,
1588 2581 1694 2617 cum
1728 2564 1876 2618 rebus
1911 2565 2052 2619 clare

159 2638 206 2686 et
239 2640 480 2692 distincte
511 2639 768 2708 perceptis
804 2641 1131 2700 assentimus,
1175 2644 1383 2696 tametsi
1420 2643 1723 2712 impossibile
1757 2647 1835 2697 est
1869 2645 2049 2698 iisdem

162 2729 251 2768 non
305 2719 585 2782 assentire,
645 2720 846 2788 quaudo
883 2737 972 2773 eas
1008 2722 1088 2774 ita
1113 2721 1494 2792 percepimus.”
1534 2753 1603 2763 -—
1641 2723 1836 2778 Cetera
1874 2726 1954 2777 uti
1994 2724 2050 2777 in

165 2794 397 2853 editione
437 2798 725 2852 habentur.

162 2908 228 2920 ᾗ

158 3034 192 3081 Τ
218 2971 288 3087 11)Ι
328 2972 447 3018 Vide
495 2988 608 3031 quae
640 2974 808 3021 Paulus
841 2990 893 3021 cx
935 2975 1169 3021 Kortholti
1203 2975 1490 3023 Praefatione
1520 2976 1736 3037 excerpsit
1767 2976 1813 3021 in
1844 2977 1913 3025 ed.
1946 2994 2025 3024 sua
2043 3014 2058 3036 ‚

194 3073 206 3083 .
302 3081 314 3101 ‚
349 3062 392 3105 p.
427 3046 533 3090 669.

1808 3126 1875 3179 20
