2432 3554
995 255 1010 281 ,
1226 215 1299 271 10

313 371 561 426 fictiones
615 389 734 428 esse
790 371 1008 431 debent.
1093 374 1261 434 Quod
1324 391 1447 430 eum
1502 374 1583 430 ita
1637 374 1741 440 sit,
1799 373 1941 427 unde
1998 371 2053 426 in
2116 389 2215 426 no-

315 449 398 506 bis
468 455 686 506 tantum
743 453 889 509 inter
945 471 1036 508 eas
1091 453 1385 510 discrimen
1442 453 1657 509 oritur?
1744 453 1887 508 Nem
1946 451 2212 524 quasdam

306 687 404 720 esse
450 688 582 732 quam
631 679 676 721 et
723 674 926 732 futurae,
975 673 1108 721 etism
1143 674 1182 720 si
1216 689 1298 722 nee
1328 691 1412 734 ego
1446 691 1527 722 nee
1556 673 1674 721 alius
1706 673 1807 733 quis
1837 674 1893 720 de
1929 673 1987 719 iis
2021 671 2219 734 cogitas·

305 748 387 790 set.
452 742 575 789 Hine
619 761 646 790 a
694 759 763 791 me
811 761 902 790 non
953 746 1082 791 fletae
1125 749 1231 792 sunt
1262 751 1307 792 et
1338 746 1472 792 etiam
1507 751 1632 792 extra
1667 761 1737 791 me
1768 744 2011 804 subiectum
2048 741 2217 789 habere

304 813 464 860 debent
482 851 495 872 ,
547 815 644 860 sine
689 831 778 875 quo
827 831 924 862 esse
955 822 1194 874 nequeunt.
1265 816 1445 864 Praeter
1478 819 1558 863 has
1590 816 1734 862 adhue
1764 817 1901 862 tertia
1932 820 2000 861 est
2032 815 2131 860 idea
2165 821 2217 860 et

306 885 414 932 haee
445 885 600 943 unica,
649 902 763 945 quae
796 903 942 934 seeum
975 889 1106 934 affert
1139 887 1440 934 necessarium
1474 901 1597 944 esse,
1632 901 1713 932 nee
1746 886 1863 948 quoti
1896 891 2100 943 tantum,
2142 883 2215 930 uti

305 955 639 1017 praecedentes,
685 973 783 1004 esse
813 960 982 1019 possit3
1015 975 1118 1004 nam
1150 957 1346 1005 essentia
1378 958 1556 1004 illarum
1588 956 1764 1015 quidem
1798 957 2050 1003 necessaria
2083 962 2183 1000 erat
2200 992 2213 1011 ,

306 1042 398 1074 non
431 1043 536 1074 vero
568 1028 831 1087 existentia,
866 1031 998 1088 hujus
1029 1045 1134 1077 vero
1167 1036 1212 1076 et
1230 1029 1422 1074 essentia
1438 1035 1484 1075 et
1500 1028 1739 1074 existentia
1754 1035 1943 1086 utraque
1960 1027 2213 1073 necessaria

304 1105 388 1144 est.
436 1097 580 1144 Video
612 1098 678 1146 its.
709 1115 736 1146 a
764 1115 834 1146 me
860 1111 952 1148 non
968 1101 1160 1160 pendere
1174 1101 1365 1160 alicujus
1381 1099 1446 1146 rei
1460 1101 1693 1147 veritatem
1706 1136 1719 1156 ,
1754 1099 2037 1146 existentiam
2057 1098 2127 1144 vel
2141 1112 2209 1143 es-

305 1168 522 1226 sentism3
557 1185 660 1216 nam
695 1170 764 1217 uti
795 1170 844 1216 in
875 1171 1066 1218 seeundo
1101 1172 1298 1218 idearum
1322 1185 1495 1230 ⁴genere
1527 1171 1877 1216 demonstratum
1896 1175 1990 1227 est,
2022 1169 2123 1236 sine
2142 1184 2213 1214 me

309 1239 420 1285 illud
451 1243 558 1286 sunt
575 1241 694 1299 quod
711 1246 816 1288 sunt
832 1278 847 1299 ,
881 1242 952 1289 vel
967 1257 1048 1303 per
1065 1245 1206 1290 solam
1224 1241 1461 1288 essentiam
1472 1278 1487 1300 ,
1521 1241 1592 1288 vel
1608 1256 1687 1302 per
1706 1239 1987 1287 existentiam
2000 1245 2047 1286 et
2064 1253 2213 1286 essen-

305 1309 417 1356 tiam
451 1315 697 1370 utramque.
743 1311 940 1360 Etidem
958 1349 972 1370 ,
1007 1313 1100 1360 imo
1117 1313 1260 1373 magis
1278 1314 1411 1360 etiam
1431 1351 1445 1372 ,
1482 1314 1609 1362 video
1627 1327 1785 1362 verum
1802 1327 1899 1360 esse
1916 1313 1962 1361 in
1979 1313 2115 1360 tertia
2133 1312 2215 1360 ina

304 1379 436 1426 unies
466 1379 581 1429 idea.
624 1381 720 1428 Nec
751 1386 928 1430 tantum
963 1385 1070 1440 hoe,
1105 1384 1223 1442 quod
1241 1399 1332 1431 non
1349 1401 1376 1430 a
1392 1401 1463 1432 me
1480 1384 1695 1446 pendeat,
1730 1383 1806 1431 sed
1823 1401 1848 1431 e
1868 1383 2098 1430 contrario
2116 1383 2217 1430 sola

302 1449 431 1496 debet
465 1465 560 1497 esse
591 1451 838 1512 subjeetum
872 1457 968 1514 ejus
1000 1455 1119 1513 quod
1150 1455 1204 1500 de
1236 1471 1289 1502 ea
1304 1457 1475 1502 affirmo
1490 1475 1505 1514 ;
1546 1456 1609 1503 ita
1628 1461 1703 1514 ut,
1742 1455 1831 1502 nisi
1848 1459 1994 1512 esset,
2025 1453 2211 1500 omnino

305 1520 372 1567 nil
417 1521 471 1567 de
519 1536 573 1569 en
621 1523 840 1572 affirmare
887 1540 1060 1586 possem
1077 1563 1092 1584 ‚
1140 1525 1275 1573 sicuti
1306 1531 1457 1573 tamen
1489 1527 1541 1574 fit
1571 1526 1626 1574 de
1658 1525 1760 1574 aliis
1793 1525 1951 1582 rebus,
2002 1523 2089 1571 etsi
2118 1539 2213 1572 non

305 1591 486 1638 realiter
517 1593 744 1652 existant3
791 1595 913 1653 imo,
955 1601 1008 1643 nt
1038 1596 1171 1642 etiam
1205 1597 1405 1644 omnium
1438 1598 1626 1644 aliarum
1659 1612 1805 1645 rerum
1835 1597 2086 1656 subJeetum
2118 1609 2216 1641 esse

304 1661 475 1710 debeat.
539 1664 854 1724 Praeterquam
887 1666 1028 1726 igitur
1059 1668 1178 1728 quod
1209 1683 1265 1715 ex
1296 1670 1522 1728 hueusque
1557 1667 1689 1715 dietis
1722 1674 1874 1729 pateat
1906 1667 2050 1714 ideam
2082 1665 2211 1712 attri-

307 1733 512 1781 butorum
545 1736 822 1784 infinitorum
857 1737 906 1784 in
938 1745 1042 1785 ente
1071 1739 1271 1799 perfeeto
1301 1754 1394 1787 non
1426 1753 1523 1787 esse
1538 1739 1789 1798 fictionem,
1820 1737 2051 1797 sequentia
2067 1735 2215 1783 adhue

309 1805 528 1855 addimus.
581 1807 826 1867 Postquam
858 1808 914 1855 de
943 1814 1107 1857 natura
1137 1810 1435 1870 cogitavimus
1450 1847 1465 1869 ,
1498 1810 1546 1857 in
1578 1826 1630 1857 ea
1666 1812 1890 1869 hueusque
1908 1808 2112 1855 invenire
2128 1822 2206 1869 po·

303 1875 470 1925 tuimus
519 1879 701 1927 nonnisi
751 1880 838 1927 duo
886 1880 1105 1928 attributa
1119 1917 1134 1939 ,
1185 1896 1301 1939 qnae
1330 1882 1387 1929 ad
1418 1882 1788 1943 perfectissimum
1820 1880 1932 1927 illud
1964 1894 2044 1926 ens
2076 1877 2212 1939 perti-

304 1954 468 2006 neant,
503 1964 702 2009 quaeque
734 1950 863 1998 nobis
897 1966 991 1998 non
1020 1952 1077 1998 ab
1109 1953 1234 1999 omni
1266 1960 1393 2012 parte
1428 1952 1733 2009 satisfaciant,
1769 1951 1862 1998 nesi
1895 1950 2045 1997 omnia
2063 1954 2213 1995 essent

304 2032 328 2063 e
361 2018 522 2077 quibus
555 2022 818 2069 consisteret
853 2038 932 2069 ens
965 2022 1361 2083 perfectissimum3
1394 2039 1496 2070 nam
1529 2040 1554 2071 e
1591 2022 1817 2071 contrario
1848 2022 1896 2068 in
1928 2020 2057 2067 nobis
2091 2019 2211 2066 inve·

303 2088 448 2135 nimus
477 2090 570 2137 taie
603 2090 732 2150 quid,
766 2092 882 2150 quod
918 2092 1050 2139 nobis
1081 2100 1235 2155 aperte
1267 2096 1477 2153 loquatur
1509 2110 1599 2141 non
1635 2094 1689 2140 de
1723 2092 1921 2153 pluribus
1938 2096 2115 2138 tantum
2134 2090 2210 2137 sed

305 2166 350 2207 et
389 2160 580 2209 infinitis
613 2163 823 2223 perfectis
853 2164 1111 2221 attributis,
1159 2179 1274 2223 quae
1303 2166 1399 2213 enti
1430 2165 1499 2213 illi
1533 2166 1731 2226 perfeeto
1758 2163 1941 2225 propria
1981 2162 2073 2209 sint
2106 2168 2214 2208 ante

302 2246 434 2291 quum
465 2234 708 2294 perfeetum
743 2234 834 2281 diei
863 2234 1022 2295 possit.
1071 2235 1204 2283 Unde
1237 2250 1343 2282 vero
1360 2235 1439 2283 illa
1454 2236 1553 2283 idea
1570 2234 1889 2297 perfeetionis?
1936 2232 2047 2279 'Pale
2063 2232 2207 2291 igitur

303 2302 410 2361 quid
439 2318 492 2349 ex
525 2304 696 2351 duobus
725 2304 821 2353 illis
850 2305 963 2352 oriri
995 2320 1085 2353 non
1118 2312 1291 2367 potest,
1326 2322 1429 2353 nam
1460 2306 1549 2353 dno
1582 2311 1757 2353 tuntum
1790 2305 1881 2352 duo
1913 2318 1998 2351 nec
2029 2302 2210 2350 infinita

303 2372 496 2431 dabunt3
543 2390 652 2435 ergo
684 2375 831 2423 unde?
881 2392 910 2422 a
945 2391 1014 2423 me
1047 2377 1204 2423 saltem
1238 2392 1355 2436 non,
1388 2377 1479 2424 nisi
1510 2382 1557 2425 et
1588 2377 1684 2437 ipse
1720 2378 1826 2423 dare
1856 2390 2058 2437 possem,
2090 2374 2210 2433 quod
