2432 3554
1091 169 1206 230 32¹7

204 349 268 386 ac
320 331 430 386 alia
486 331 705 403 negotia
743 330 925 387 aulica
961 331 1471 402 administraverat)
1512 332 1670 388 amici
1709 331 1827 402 ejus
1864 329 2095 385 maxime

205 429 238 466 a
275 428 360 464 me
398 409 740 482 flagitarent,
782 414 846 466 ut
883 409 1091 466 aulicas
1129 409 1432 481 dignitates
1470 416 1720 467 sectarer.
1776 411 1940 471 Quod
1978 409 2096 480 qui·

205 491 330 546 dem
387 507 488 560 ego
542 490 832 545 eonsilium
891 489 1036 544 ultra
1093 490 1313 544 modum
1353 496 1408 547 et
1445 508 1554 546 non
1592 505 1747 546 secus
1784 507 1848 545 ac
1884 489 2089 557 Cyrus,

203 587 329 626 cum
398 570 502 640 ipsi
557 588 590 624 a
641 569 873 626 Judaeis
928 585 1152 639 regnum
1221 571 1573 635 offerebatur,
1644 569 1960 630 aversabar,
2032 583 2096 622 ac

206 649 438 721 proinde
463 691 476 710 ‚
519 655 581 705 ut
623 649 910 704 conamina
947 648 1177 710 aliorum
1219 652 1440 722 penitus
1477 649 1749 718 eluderem
1786 649 1853 703 ad
1877 649 1983 702 eum
2001 648 2096 701 ob·

209 728 532 792 tinendum,
574 746 736 800 quam
775 727 959 784 subito
994 733 1111 788 fieri
1149 735 1361 806 posset,
1406 749 1488 785 me
1526 728 1762 790 contuli,
1808 745 1999 797 nempe
2035 731 2099 781 ut

211 827 298 862 me
335 807 577 864 Parisios
614 808 927 878 reciperem.
971 810 1120 878 (Jam
1158 828 1361 886 quaeso
1398 811 1466 864 ad
1506 809 1787 881 sequentia
1824 805 2095 862 attendas:

204 897 342 942 tunc
396 887 539 942 enim
596 887 896 943 clarissime
953 893 1260 955 constabit,
1321 890 1465 962 quod
1519 907 1737 944 uxorem
1782 887 1849 942 ob
1888 887 2101 940 nullum

205 967 478 1024 carnalem
535 968 789 1024 affectum
848 968 1142 1042 duxerim).
1224 972 1348 1026 Hoc
1402 987 1563 1034 vero,
1624 973 1686 1024 ut
1742 985 1898 1022 nemo
1944 967 2103 1022 facile

206 1052 554 1120 penetraret,
613 1066 680 1102 ne
739 1049 870 1102 mihi
928 1049 1028 1106 hoc
1084 1054 1142 1109 in
1188 1053 1436 1106 futurum
1494 1052 1743 1111 noceret,
1802 1047 1871 1101 ob
1920 1046 2104 1100 fratris

205 1127 313 1182 mei
354 1128 574 1198 negotia
617 1127 928 1191 Vidunam,
971 1132 1154 1188 aulam
1205 1129 1576 1201 imperatorie,
1626 1124 1965 1198 procuranda
1991 1124 2104 1193 (hio

205 1207 412 1262 etenim
474 1207 612 1261 bona
649 1208 707 1261 in
747 1207 942 1264 Silesia
981 1229 1195 1284 quoque
1236 1228 1336 1281 ope
1377 1208 1561 1262 uxoris
1599 1205 1865 1274 obtinuit)
1906 1223 1987 1258 me
2025 1222 2105 1259 re-

205 1287 358 1358 cepi,
419 1303 543 1341 cum
600 1287 694 1342 ille
755 1293 944 1361 utpote
1001 1294 1266 1348 uxoratus
1324 1288 1456 1342 haec
1504 1305 1613 1340 non
1674 1292 1784 1339 tam
1828 1287 2105 1340 commode

203 1369 426 1439 poterat
464 1366 721 1438 exsequi:
767 1368 846 1424 sic
885 1373 1066 1426 tamen
1105 1369 1293 1426 omnia
1330 1367 1465 1424 satis
1502 1365 1736 1422 feliciter
1771 1364 1921 1420 brevi
1962 1381 2104 1420 com-

204 1445 403 1518 posui,
464 1449 528 1500 ut
574 1463 690 1501 mea
727 1451 1040 1518 praesentia
1077 1450 1316 1523 amplius
1355 1465 1491 1518 opus
1528 1465 1635 1501 non
1676 1449 1833 1502 esset.
1904 1444 2108 1498 Rever-

203 1543 302 1582 sus
342 1526 528 1597 itaque
565 1529 692 1596 post
725 1526 940 1598 aliquot
979 1547 1190 1586 menses
1228 1528 1387 1584 fratri
1427 1526 1557 1580 haec
1599 1526 1815 1596 aperui,
1858 1528 1921 1578 ut
1946 1522 2107 1578 simul

205 1623 390 1663 meum
442 1606 780 1676 propositum
831 1607 1068 1664 abeundi
1125 1609 1370 1665 Parisios
1427 1606 1597 1677 (quod
1653 1605 1720 1660 ab
1756 1605 1853 1660 illo
1891 1603 2109 1675 quidem

204 1684 372 1741 facile
411 1684 700 1754 impetravi
739 1685 808 1740 ob
833 1704 1084 1757 magnam
1115 1686 1551 1744 benevolentiam
1572 1727 1586 1748 ‚
1628 1702 1765 1757 quae
1792 1685 1934 1738 inter
1960 1687 2106 1752 nos),

201 1765 336 1821 aliis
373 1782 504 1819 vero
543 1768 732 1820 notum
771 1765 876 1821 feci
917 1767 985 1821 ad
1025 1768 1158 1824 haec
1198 1768 1423 1839 negotia
1458 1764 1527 1820 ad
1564 1766 1725 1819 finem
1764 1763 2109 1835 perducenda

203 1862 386 1899 meam
425 1846 787 1915 praesentiam
828 1846 1084 1901 Vidunae
1123 1848 1305 1904 denuo
1346 1864 1482 1919 opus
1520 1846 1661 1906 sore,
1704 1844 1848 1899 unde
1886 1844 2105 1898 artifici-

201 1932 302 1981 ose
352 1923 420 1978 ab
463 1924 668 1979 amasia
724 1928 781 1979 et
817 1924 942 1981 aliis
981 1926 1170 1983 amicis
1209 1927 1373 1983 venia
1410 1926 1737 1996 impetrata,
1796 1928 1859 1977 ut
1896 1941 1979 1976 me
2015 1939 2111 1993 per

199 2001 430 2073 aliquod
471 2009 686 2075 tempus
727 2003 1116 2070 subducerem,
1157 2024 1333 2077 neque
1372 2004 1632 2075 temporis
1669 2002 1933 2075 hyemalis
1970 2002 2110 2073 rigo-

199 2101 316 2139 rem
359 2084 504 2151 (erat
543 2102 613 2137 m.
655 2083 943 2139 Decembr.
988 2087 1190 2155 1682),
1250 2090 1349 2141 aut
1386 2088 1668 2155 sumptuS,
1723 2082 1817 2154 qui
1856 2083 1924 2136 ad
1965 2098 2111 2151 pere·

199 2161 540 2233 grinandum
580 2163 958 2234 requiruntur,
1000 2166 1211 2235 respexi
1248 2174 1443 2237 'meque
1482 2164 1655 2235 primo
1675 2162 1733 2218 in
1758 2161 2111 2216 Hollandiam

199 2244 418 2314 recepi:
481 2244 572 2299 hic
621 2249 807 2299 autem
847 2246 915 2300 ob
951 2253 1104 2303 certa
1143 2246 1357 2307 studia,
1420 2261 1555 2315 quae
1594 2244 1649 2296 in
1687 2240 1933 2296 ordinem
1970 2239 2111 2294 redi·-

199 2342 333 2397 gere
370 2323 586 2396 incepi,
635 2326 834 2395 partim
873 2331 1096 2398 propter
1135 2325 1562 2381 exundationem
1601 2321 1752 2377 illam
1792 2318 2107 2374 memorabi-

199 2407 315 2463 lem
367 2421 630 2475 aquarum
670 2405 999 2476 impeditus,
1060 2407 1267 2461 factum
1308 2408 1423 2466 est,
1484 2408 1546 2456 ut
1584 2419 1694 2455 non
1732 2404 1858 2454 ante
1894 2398 2109 2453 Palma-

201 2502 328 2541 rum
385 2483 731 2539 Dominicam
769 2484 1014 2541 Parisios
1051 2486 1325 2545 venirem,
1387 2482 1478 2536 ubi
1516 2487 1780 2553 quantum
1819 2478 2111 2549 prudentia

201 2563 342 2619 mihi
406 2564 758 2633 suppeditare
814 2565 1027 2634 potuit,
1092 2562 1326 2620 consilia
1382 2561 1563 2625 effeci,
1631 2567 1694 2614 ut
1749 2559 2111 2613 intentionem

203 2660 382 2699 meam
421 2642 742 2700 obtinerem.
814 2643 1004 2699 Primo
1041 2641 1440 2700 communicavi
1479 2642 1743 2711 quaedam
1780 2638 2111 2693 Academiae

204 2725 456 2785 vestrae,
512 2739 651 2793 quae
711 2722 878 2777 etiam
933 2724 991 2779 in
1045 2722 1271 2779 Journal
1312 2723 1403 2775 dee
1440 2719 1666 2791 Sqavans
1702 2719 1908 2773 inserta
1946 2722 2107 2781 sunt,

205 2806 440 2859 inventa
477 2800 894 2866 mathematica,
935 2820 1000 2859 ac
1036 2803 1262 2873 insuper
1299 2799 1791 2854 demonstrationes
1816 2798 2112 2851 eorundem

207 2884 270 2937 in
308 2880 664 2953 particulari,
724 2898 863 2952 quae
902 2880 1144 2935 nondum
1181 2878 1497 2950 publicatae
1535 2881 1781 2939 exstant,
1836 2894 1943 2947 quo
1980 2876 2112 2947 quid

210 2960 421 3017 efficere
459 2977 706 3030 possem,
743 2960 994 3032 judicare
1031 2964 1285 3031 possent;
1344 2964 1463 3013 tum
1502 2959 1789 3030 praecipue
1827 2959 1899 3013 D.
1940 2958 2109 3013 Mari-

211 3048 330 3097 otte
384 3057 702 3111 generosam
761 3044 996 3096 mentem.
1051 3044 1311 3113 expertus
1349 3056 1505 3104 sum,
1563 3044 1619 3093 et
1655 3057 1755 3111 ope
1795 3038 1958 3109 hujus
1995 3039 2104 3093 Mr.
