2432 3554
1090 181 1207 238 349

197 343 346 396 certe
395 358 505 396 non
555 341 810 398 recordor
847 359 931 396 me
967 341 1128 397 ullibi
1166 345 1459 407 statuisse:
1517 362 1642 398 nam
1680 343 1825 416 quod
1862 361 1981 416 pag.
2016 345 2089 398 44

194 439 274 493 sq.
311 421 586 476 infinitum
625 421 769 476 idem
811 423 943 476 mihi
983 428 1066 477 est
1102 441 1166 484 ae
1205 425 1581 487 indefinitum,
1625 423 1725 478 hac
1758 423 1825 478 de
1868 441 1926 478 re
1949 422 2087 478 alias

190 519 304 555 non
343 519 563 576 possum
591 507 823 556 mentem
841 545 853 564 ,
896 503 1002 556 nisi
1027 504 1084 559 in
1110 505 1346 579 Physice
1374 522 1523 568 mea,
1550 503 1793 574 aperire:
1833 519 1954 574 pag.
1980 504 2085 557 150

193 579 299 634 hoe
339 597 446 634 non
485 580 738 636 absolute
775 581 1010 645 affirmo,
1053 585 1177 642 dico
1215 586 1393 640 enim:
1435 582 1747 654 „siquidem
1787 581 2083 638 infinitae.”

187 671 200 706 ⁴
266 660 477 721 „Quod
514 663 873 732 assumpsisse
912 663 1171 720 videris.”
1234 663 1399 725 Quod
1438 679 1634 734 corpus
1673 662 1841 716 semel
1878 667 2083 716 motum

184 740 244 795 in
306 744 454 794 motu
511 743 850 811 permanebit
904 743 961 797 in
1019 745 1214 815 plano,
1274 745 1321 798 si
1373 741 1527 797 nulla
1564 758 1789 812 corpora
1826 741 2077 804 obstent,

184 822 373 874 statuo
427 819 669 892 adeoque
725 821 781 875 id
827 824 1097 895 assumpsi
1133 833 1189 896 p.
1232 825 1333 886 99;
1393 821 1487 876 sed
1525 837 1665 892 nego
1703 819 1823 890 ejus
1860 837 2079 874 causam

182 916 215 953 a
271 917 434 953 manu
482 901 798 971 provenire,
861 919 956 957 seu
994 905 1137 974 quod
1176 919 1372 974 corpus
1410 900 1574 954 semel
1612 917 1645 954 a
1682 917 1849 954 manu
1884 899 2079 954 incita·

178 982 300 1033 tum
338 978 406 1032 ad
445 984 683 1042 motum,
738 981 784 1034 si
822 998 1048 1054 corpora
1084 1001 1195 1038 non
1234 981 1517 1036 obstarent
1554 978 1605 1036 h.
1642 997 1687 1036 e.
1726 979 1771 1034 si
1809 980 1867 1034 in
1904 995 2079 1034 vacuo

177 1063 354 1130 esset,
397 1065 704 1114 moveretur
739 1061 944 1133 absque
969 1063 1108 1127 fine,
1149 1067 1313 1134 prout
1338 1059 1460 1114 vult
1484 1059 1797 1124 Cartesius,
1828 1058 1885 1113 in
1911 1058 2075 1129 plano

177 1129 401 1210 utique,
444 1143 507 1193 ut
545 1139 690 1201 dixi,
733 1158 818 1195 res
857 1143 1133 1200 succedit:
1188 1142 1282 1196 sed
1323 1140 1423 1194 hoc
1462 1156 1569 1193 non
1610 1138 1857 1209 procedit
1892 1156 1924 1192 a
1961 1155 2073 1192 ma·

175 1235 283 1280 nu,
345 1218 438 1272 sed
495 1219 563 1273 ab
621 1219 741 1289 alijs
778 1222 1121 1292 corporibus,
1181 1222 1275 1293 qui
1313 1221 1481 1274 hocce
1517 1224 1803 1290 postquam
1842 1237 1871 1271 e
1908 1235 2073 1272 manu

171 1299 437 1351 continuo
492 1298 710 1369 pellunt
761 1317 934 1372 usque
984 1302 1113 1356 dum
1152 1317 1381 1371 corpora
1418 1302 1641 1352 externa
1680 1297 1825 1353 hunc
1863 1301 2070 1352 motum

169 1376 411 1438 tollunt:
471 1379 566 1432 sed
627 1383 688 1433 ut
737 1379 838 1436 hoc
897 1381 1244 1454 intelligatur
1280 1377 1552 1451 permulta
1587 1395 1649 1432 ex
1691 1395 1810 1432 mea
1846 1377 2069 1449 physica

168 1455 420 1511 deberem
459 1473 739 1514 recensere
761 1501 776 1520 ,
839 1459 932 1514 ubi
971 1457 1447 1516 observationibus
1484 1461 1541 1511 et
1575 1456 1923 1528 experientijs
1958 1454 2067 1511 cla-

168 1536 430 1601 rissimiS,
475 1537 530 1590 ni
570 1537 764 1600 fallor,
809 1537 942 1593 haec
981 1557 1066 1592 res
1103 1535 1534 1594 confirmabitur.

240 1615 538 1688 „Denique
579 1616 826 1671 extensio
863 1648 935 1658 —
971 1617 1311 1690 impossibile
1354 1616 1691 1670 existimas.”
1767 1617 1933 1676 Quod
1970 1633 2060 1670 ex·

166 1695 471 1750 tensionem
512 1695 718 1768 absque
756 1702 908 1752 motu
947 1715 1072 1752 cum
1109 1698 1359 1752 Cartesio
1397 1696 1673 1766 concipias
1696 1734 1713 1760 ,
1752 1713 1853 1766 ego
1877 1689 1907 1750 e
1934 1713 2060 1750 con-

160 1782 249 1832 tra
286 1794 409 1833 cum
449 1783 601 1833 motu
625 1821 640 1841 ‚
692 1777 831 1834 nihil
871 1780 958 1835 hic
996 1785 1188 1835 contra
1228 1796 1340 1841 me;
1384 1794 1507 1831 nam
1544 1781 1726 1847 potest
1762 1794 1877 1830 esse
1914 1775 2060 1847 quod

159 1858 534 1911 extensionem
575 1858 848 1913 abstracte
876 1860 1153 1931 concipias
1179 1858 1371 1912 itidem
1400 1860 1602 1911 motum
1624 1895 1640 1919 ‚
1680 1856 1952 1927 adeoque,
1995 1856 2059 1912 li·

157 1942 247 1994 eet
285 1938 504 2009 utrique
541 1939 716 1994 nostri
753 1942 1050 2011 conceptus
1087 1936 1289 1992 diversi
1330 1936 1471 1999 sint,
1511 1935 1625 1989 veri
1652 1939 1835 1989 tamen
1861 1940 2053 1999 erunt,

155 2018 253 2073 sed
310 2034 419 2071 non
476 2018 732 2089 physice:
792 2018 1036 2090 adeoque
1073 2020 1220 2073 certe
1256 2016 1542 2086 conceptio
1579 2032 1689 2070 non
1724 2014 1869 2069 fallit
1905 2016 1965 2070 in
2000 2032 2057 2069 se

155 2100 420 2169 spectata.
501 2097 620 2153 Scis
659 2097 833 2161 enim,
896 2096 1040 2169 quod
1099 2098 1174 2167 (p.
1213 2096 1317 2150 131
1358 2098 1467 2167 sq.)
1505 2100 1616 2149 tres
1653 2094 1894 2149 diversos
1932 2112 2055 2149 eon·

152 2182 349 2247 ceptus
386 2176 453 2229 de
491 2176 810 2231 extensione
848 2174 1223 2240 exhibuerim,
1263 2174 1356 2246 qui
1397 2192 1504 2228 non
1530 2174 1730 2228 debent
1754 2173 2049 2234 confundi:

152 2257 210 2311 in
247 2254 484 2325 Physice
525 2272 642 2309 mea
680 2256 882 2311 similia
921 2255 988 2310 de
1027 2259 1177 2309 motu
1218 2255 1517 2325 proferam,
1558 2254 1653 2308 ubi
1692 2257 1837 2307 certe
1874 2253 2053 2309 adhuc

151 2336 362 2407 majora
400 2333 660 2389 habemus
693 2336 1061 2407 praejudicia,
1101 2334 1195 2389 sed
1236 2334 1478 2389 omnium
1505 2333 1735 2389 maxime
1762 2334 1829 2388 de
1853 2334 2053 2405 quiete.

219 2490 440 2547 Haecce
491 2494 672 2548 omnia
709 2495 822 2568 jam
861 2498 990 2549 sunt
1027 2512 1165 2565 quae
1203 2492 1463 2564 temporis
1500 2492 1737 2547 brevitas
1774 2496 1829 2547 et
1867 2493 2049 2549 multi-

147 2574 286 2629 tudo
323 2572 663 2627 diversarum
701 2575 1122 2646 occupationum
1149 2574 1245 2627 vix
1271 2573 1590 2644 permisere,
1632 2573 1775 2626 utin
1800 2571 2045 2627 ordinem

147 2654 393 2723 redigere
429 2654 740 2723 potuerim:
802 2672 941 2725 quae
980 2655 1026 2709 si
1064 2654 1204 2709 forte
1243 2652 1618 2716 satisfaciant,
1678 2669 1785 2707 non
1826 2653 2045 2707 interim

144 2734 358 2803 abnego
395 2732 454 2787 in
487 2749 606 2787 meo
644 2736 887 2788 tractatu
925 2734 1160 2805 plurima
1195 2749 1317 2787 esse
1342 2750 1479 2804 quae
1506 2732 1873 2787 confidentius
1898 2734 2047 2790 dicta

143 2812 437 2873 videntur:
481 2812 616 2867 satis
653 2813 796 2867 enim
837 2814 982 2878 scic,
1024 2832 1184 2884 quam
1226 2813 1400 2867 multa
1424 2812 1581 2867 nobis
1606 2813 1895 2868 admodum
1922 2833 2044 2885 pro-

142 2894 349 2950 babilia
387 2894 681 2949 videantur
718 2897 1010 2965 antequam
1049 2894 1117 2947 ad
1155 2895 1328 2965 ipsam
1368 2895 1559 2965 praxin
1598 2893 1945 2953 accedamus.
1988 2900 2044 2949 et

145 2976 235 3031 hic
293 2974 619 3047 quandoque
677 2974 816 3029 tales
877 2972 1227 3029 difficultates
1264 2989 1585 3044 exsurgere,
1644 2990 1779 3045 quas
1818 2991 1883 3026 ne
1920 2975 2039 3045 qui-

144 3057 264 3111 dem
305 3054 422 3109 ulla
460 3055 671 3110 ratione
707 3056 766 3110 in
806 3053 1076 3126 principio
1113 3054 1377 3125 suspicati
1416 3070 1681 3111 essemuS.
1724 3056 1779 3107 et
1813 3054 1939 3109 ideo
1960 3072 2043 3109 me
