2432 3554
1243 157 1321 214 46

337 318 454 381 nis,
529 317 672 390 quod
739 315 1082 376 intellectum
1149 331 1431 374 vocamus.
1527 317 1771 372 Videsne
1830 317 1979 388 jam,
2054 313 2237 389 quod.

335 416 668 472 quamquam
707 397 901 455 haecce
938 416 1082 456 nova
1117 398 1243 454 idea
1276 415 1399 454 cum
1426 397 1781 471 praecedente
1806 397 2103 468 conjuncta
2130 397 2206 452 sit
2224 439 2238 461 ,

337 483 622 550 propterea
658 483 842 534 tamen
878 479 938 534 in
975 479 1350 552 praecedentis
1390 477 1625 532 essentia
1652 476 1805 532 nulla
1828 477 2097 533 efficiatur
2124 495 2241 532 mu·

337 561 510 624 tatic,
571 559 826 630 quodque
863 577 894 612 e
942 559 1219 616 contrario
1254 559 1373 614 sine
1406 558 1525 614 ulla
1561 558 1865 613 mutatione
1900 558 2089 612 eadem
2130 573 2243 611 ma-

340 638 507 694 neat?
580 637 746 700 Quod
803 638 968 694 etiam
1028 637 1210 692 videre
1263 637 1392 692 iicet
1436 637 1495 693 in
1532 653 1857 710 quacunque
1895 637 2048 702 idea,
2101 653 2245 708 quae

341 717 398 772 in
447 735 504 772 se
541 735 775 772 amorem
815 716 1100 788 producitz
1160 717 1255 790 qui
1292 735 1443 772 amor
1480 716 1633 772 nullo
1674 717 1833 771 modo
1868 715 2023 771 ideae
2060 733 2245 770 essen·

340 797 476 852 tiam
517 802 702 868 auget.
757 795 864 850 Sed
902 813 1074 871 quare
1111 802 1196 851 tot
1232 795 1479 868 exempla
1504 796 1848 862 afferremus,
1888 813 2011 851 cum
2038 801 2098 849 tu
2128 797 2251 868 ipse

344 877 404 932 in
445 876 758 948 proposito·
799 875 868 930 de
905 893 1014 950 quo
1045 875 1156 946 jam
1197 875 1464 938 diximus,
1506 881 1691 948 aperte
1718 875 1821 930 hoc
1844 875 2031 930 videre
2055 880 2245 945 potes;

343 955 490 1012 clare
549 955 696 1010 enim
733 954 846 1010 dixi
869 997 882 1018 ,
941 957 1126 1013 omnia
1161 957 1461 1019 attributa.
1504 973 1642 1028 quae
1678 955 1749 1010 ab
1785 955 1895 1010 alia
1930 973 2098 1010 causa
2136 969 2251 1008 non

345 1037 587 1110 pendent
625 1039 679 1090 et
719 1034 784 1090 ad
824 1053 962 1108 quae
995 1035 1352 1092 describenda
1378 1053 1487 1090 non
1512 1053 1651 1108 opus
1674 1035 1749 1092 sit
1774 1051 1969 1108 genere
1988 1077 2001 1099 ‚
2042 1035 2113 1088 ad
2140 1033 2249 1088 Dei

343 1115 637 1171 essentiam
685 1116 988 1186 pertinere;
1048 1119 1104 1172 et
1140 1115 1271 1188 quia
1306 1134 1393 1172 res
1430 1122 1642 1172 creat-ae
1680 1134 1790 1170 non
1829 1119 2059 1187 possunt
2094 1114 2251 1168 attri-

348 1197 540 1250 butum
597 1211 828 1266 ponere,
905 1195 1011 1250 Dei
1067 1197 1306 1251 essentia
1360 1196 1431 1251 iis
1498 1213 1607 1250 non
1662 1199 1925 1266 augetur,
1999 1195 2131 1250 iicet
2192 1211 2251 1248 se

344 1293 509 1348 quam
567 1273 870 1330 arctissime
925 1291 1048 1330 eum
1105 1293 1170 1329 ea
1215 1275 1573 1347 conjungant.
1650 1275 1843 1340 Adde,
1884 1275 2029 1348 quod
2070 1277 2249 1329 totum

347 1371 446 1409 ens
495 1353 724 1413 rationis
779 1358 994 1410 tantum
1051 1355 1125 1410 sit
1173 1371 1275 1410 nec
1312 1372 1345 1410 a
1380 1355 1620 1426 generali
1658 1355 1873 1410 differat
1910 1355 2015 1410 nisi
2056 1336 2113 1408 in
2150 1371 2249 1418 eo,

346 1433 493 1506 quod
531 1433 784 1505 generale
820 1435 915 1488 fiat
953 1452 1020 1490 ex
1047 1434 1279 1490 div-ersis
1304 1451 1414 1490 non
1440 1434 1750 1505 conjunctis
1776 1433 2079 1490 individuis
2105 1434 2251 1505 ejus·

349 1512 472 1567 dem
511 1513 760 1583 generis,
801 1517 978 1570 totum
1015 1519 1202 1570 autem
1239 1532 1305 1570 ex
1342 1516 1573 1574 diversis
1611 1516 1923 1588 conjunctis
1947 1514 2252 1571 individuis

349 1599 462 1649 tam
503 1594 646 1650 alius
683 1611 842 1666 quam
883 1594 1127 1665 ejusdem
1163 1597 1401 1666 generis.

428 2071 534 2127 Er.
618 2070 782 2133 Quod
823 2071 890 2126 ad
931 2072 1034 2127 hoc
1070 2072 1303 2134 attinet,
1344 2072 1477 2127 mihi
1515 2072 1849 2129 satisfecisti.
1903 2070 2007 2128 Sed
2045 2076 2259 2143 praete-

357 2170 450 2208 rea
487 2152 659 2207 etiam
697 2151 924 2216 dixisti,
961 2151 1311 2207 immanentis
1348 2169 1545 2208 causac
1581 2152 1905 2224 productum
1945 2152 2122 2223 perire
2146 2170 2257 2207 non

361 2250 521 2305 posse
538 2271 556 2299 ,
585 2230 849 2303 quamdiu
873 2231 992 2301 ejus
1017 2248 1184 2287 causa
1205 2232 1467 2303 perdurat
1484 2273 1499 2297 ,
1524 2232 1671 2304 quod
1696 2232 1891 2287 falsum
1918 2250 2037 2287 esse
2060 2232 2251 2296 videm

353 2314 458 2371 hoc
507 2312 652 2367 enim
695 2312 742 2367 si
779 2312 860 2367 ita
895 2315 1010 2377 est,
1059 2329 1168 2383 quo
1206 2311 1366 2367 modo
1402 2312 1555 2369 Deus
1591 2312 1893 2367 immanens
1929 2310 2109 2367 adhuc
2144 2328 2257 2367 om-

360 2393 514 2447 nium
573 2408 752 2447 rerum
811 2406 978 2447 causa
1033 2408 1150 2445 esse
1205 2394 1419 2461 potest,
1478 2406 1602 2446 cum
1638 2394 1723 2445 tot
1760 2407 1947 2445 earum
1990 2392 2261 2462 pereant?

359 2472 528 2529 Dices
585 2469 804 2543 quidem
823 2511 838 2535 ,
895 2469 1196 2526 secundum
1253 2470 1576 2525 anteriorem
1624 2474 1775 2527 tuam
1814 2470 2221 2527 distinctionem
2242 2515 2255 2536 ,

361 2550 541 2605 Deum
580 2548 800 2621 proprie
836 2548 1032 2605 talium
1070 2550 1435 2621 productuum
1474 2566 1692 2605 causam
1730 2568 1879 2614 esse,
1920 2568 2055 2624 quas
2092 2550 2259 2607 nullis

361 2628 488 2685 aliis
527 2628 720 2683 mediis
760 2646 921 2700 quam
962 2629 1094 2683 solis
1132 2630 1245 2685 suis
1282 2628 1566 2684 attributis
1606 2628 1891 2700 produxit,
1936 2649 2113 2703 neque
2135 2648 2251 2693 eas,

364 2709 632 2780 quamdiu
671 2726 838 2765 causa
875 2726 1058 2764 earum
1097 2710 1357 2780 perdurat
1390 2712 1569 2783 perire
1606 2728 1797 2783 posse,
1840 2728 1953 2767 non
1988 2716 2171 2767 autem
2207 2716 2261 2768 te

364 2789 543 2846 Deum
567 2788 950 2843 immanentem
973 2788 1152 2845 dicere
1171 2806 1391 2845 causam
1412 2808 1597 2845 earum
1617 2790 1981 2863 procinctuum
1994 2832 2013 2859 ,
2036 2810 2257 2866 quarum

365 2868 666 2923 existentia
703 2886 812 2924 non
849 2869 1164 2925 immediate
1199 2870 1273 2925 ab
1314 2887 1379 2925 eo
1415 2871 1681 2941 pendeat,
1742 2872 1834 2927 sed
1874 2890 2011 2945 quae
2048 2873 2117 2928 ab
2153 2872 2260 2930 alia
