2432 3554
1301 158 1421 218 300

1238 337 1420 419 ἱςδ.

487 475 712 532 Praeter
746 476 1170 549 Blyenbergicas
1207 479 1373 550 hujus
1408 479 1667 550 temporis
1706 477 2068 549 Oldenburgii
2088 493 2269 550 quoque

416 556 678 628 epistola,
719 561 775 611 et
813 557 944 612 haec
976 557 1146 612 latine
1183 560 1403 630 quidem
1441 559 1645 629 scripta
1681 563 1738 612 et
1774 557 1985 612 inedita
2020 561 2263 628 superest,

413 635 503 691 cui
527 667 595 676 —-
623 637 855 708 quippe,
897 637 979 691 uti
1016 637 1265 702 videtur,
1311 638 1509 693 mensis
1548 638 1883 710 Septembris
1902 637 2039 694 166⁵
2063 638 2267 692 -inter

411 715 780 771 Bruderianas
816 717 968 774 XIII
1003 720 1060 771 et
1094 717 1237 772 XIV
1272 717 1452 774 locum
1489 718 1619 774 dare
1656 718 2010 772 debebimus:

623 857 727 912 Vir
763 860 1262 928 praestantissime,
1304 859 1687 915 colendissime
1722 860 1929 923 amice,

483 951 570 1008 Ex
607 953 897 1023 postremis
935 953 1081 1018 tuis,
1117 956 1156 1008 4
1192 956 1343 1026 Sept.
1384 955 1453 1010 ad
1492 974 1576 1009 me
1601 955 1839 1011 exaratis
1862 953 2037 1009 literis
2062 955 2135 1021 ⁸),
2171 950 2261 1004 elu-

411 1036 524 1096 cet,
577 1033 679 1088 tibi
735 1039 922 1087 nostra
959 1051 1069 1088 non
1105 1034 1283 1090 obiter
1318 1037 1470 1092 cordi
1508 1054 1645 1090 esse.
1722 1034 2036 1092 Devinxisti
2073 1049 2173 1086 non
2199 1047 2264 1084 me

411 1112 572 1167 modo
628 1113 721 1167 sed
777 1113 1146 1184 praenobilem
1184 1115 1440 1186 Boylium
1478 1119 1761 1178 nostrum,
1816 1114 1913 1185 qui
1950 1113 2053 1168 tibi
2090 1125 2261 1166 meeum

409 1210 473 1248 eo
529 1194 747 1248 nomine
804 1194 1064 1250 maximas
1107 1196 1312 1267 gratias
1348 1196 1493 1266 agit,
1551 1195 1699 1249 omni
1736 1193 2035 1249 officiorum
2070 1207 2255 1263 genere.

408 1289 546 1344 quae
583 1273 801 1346 quidem
838 1274 907 1328 ab
946 1276 1063 1345 ipso
1100 1275 1370 1347 proficisci
1407 1279 1667 1345 possunt,
1710 1273 2103 1328 humanitatem
2138 1274 2186 1323 et
2201 1266 2257 1322 af·

410 1354 613 1408 fectum
670 1359 828 1408 tuum
876 1355 1004 1408 data
1042 1356 1326 1410 occasione
1364 1362 1847 1428 compensatum-003
1903 1353 2049 1410 idem
2084 1365 2255 1424 quoque

408 1431 476 1486 de
527 1433 841 1504 memetipso
895 1436 1122 1490 firmiter
1175 1436 1279 1490 tibi
1318 1438 1520 1508 poteris
1556 1436 1902 1510 persuadere.
1981 1433 2085 1491 Sed
2119 1432 2249 1486 virum

409 1511 565 1566 illum
623 1515 767 1584 quod
824 1520 1038 1585 spectat
1081 1515 1245 1570 nimis
1282 1515 1609 1582 officiosum,
1667 1516 1761 1588 qui
1800 1513 2159 1570 nonobstante
2182 1507 2249 1566 illa

409 1595 658 1648 versione
695 1599 966 1652 tractatus
1003 1597 1070 1652 de
1108 1597 1413 1662 coloribus,
1454 1615 1593 1670 quae
1629 1597 1719 1652 hic
1750 1595 1867 1666 jam
1899 1594 2149 1666 expedita
2166 1593 2247 1647 est,

408 1673 672 1728 adornare
727 1675 891 1730 aliam
936 1676 1144 1738 voluit,
1207 1677 1409 1732 sentiet
1444 1677 1693 1733 fortassis
1730 1694 1787 1730 se
1827 1674 1968 1730 male
2006 1673 2109 1729 sibi
2140 1685 2253 1742 prae-

407 1764 625 1825 postero
679 1754 778 1811 illo
833 1757 1017 1813 studio
1072 1757 1431 1817 consuluisse.
1501 1757 1654 1819 Quid
1706 1757 1850 1811 enim
1889 1756 1957 1812 de
1995 1755 2159 1827 ipsius
2186 1750 2253 1805 fiet

406 1834 764 1890 translatione
823 1837 870 1891 si
908 1838 1104 1892 author
1141 1838 1401 1893 Latinam
1438 1838 1623 1904 illam,
1681 1838 1769 1892 hie
1805 1837 1865 1892 in
1902 1834 2107 1907 Anglia
2137 1846 2253 1903 para-

407 1919 550 1976 tam,
593 1915 1007 1986 quamplurimis
1045 1920 1463 1989 experimentis,
1504 1934 1644 1990 quae
1682 1917 1741 1971 in
1776 1915 2021 1987 Anglico
2062 1929 2161 1968 non
2194 1924 2253 1961 re-
2362 1934 2364 1991 ἰ

406 1993 717 2064 periantur,
774 1998 966 2053 fecerit
1019 1999 1358 2055 auctiorem?
1431 2000 1669 2054 Necesse
1726 2000 1810 2050 est
1868 1998 2107 2049 nostram
2142 1984 2255 2043 brevi

405 2090 554 2129 nunc
607 2074 1065 2133 disseminandam
1122 2096 1253 2134 suae
1308 2078 1530 2133 omnino
1567 2082 1701 2131 tunc
1738 2074 2001 2146 praeferri
2034 2077 2091 2127 et
2120 2065 2257 2123 mult&

405 2151 580 2224 pluris
617 2155 762 2226 apud
801 2157 1023 2226 quosvis
1061 2176 1224 2213 sanos
1262 2156 1557 2212 aestimari.
1635 2155 1741 2211 Sed
1768 2154 2013 2209 abundet
2048 2167 2141 2207 suo
2168 2162 2256 2201 sen·

407 2249 506 2296 su,
560 2234 606 2287 si
657 2233 816 2290 velit:
884 2252 983 2289 nos
1021 2241 1237 2299 nostra,
1300 2243 1462 2307 prout
1500 2234 1732 2289 maxime
1768 2232 2081 2289 consultum
2116 2226 2257 2283 visum
2360 2270 2362 2279 2

409 2311 606 2376 fuerit,
647 2313 981 2369 curabimus·

477 2392 730 2449 Kircheri
767 2394 1015 2449 Mundus
1053 2394 1453 2450 Subterraneus
1489 2392 1735 2447 nondum
1770 2391 1831 2448 in
1869 2390 2075 2447 mundo
2108 2388 2260 2443 nostro

405 2471 645 2542 Anglico
699 2474 1034 2546 comparuit,
1096 2474 1165 2529 ob
1203 2481 1409 2546 pestem
1446 2474 1630 2528 omnia
1665 2473 1778 2526 fere
1815 2469 2134 2527 commercia
2162 2478 2259 2535 pro·

405 2550 700 2607 bibentem.
777 2554 1012 2609 Accedit
1067 2554 1268 2609 bellum
1308 2554 1709 2610 atrocissimum
1745 2552 1893 2624 quod
1930 2546 2145 2607 nonnisi
2174 2558 2262 2597 ma·

405 2629 582 2685 lorum
632 2631 811 2687 Iliada
849 2651 1030 2689 secum
1070 2634 1243 2689 trahit
1280 2640 1337 2688 et
1373 2634 1768 2689 humanitatem
1822 2648 2038 2687 omnem
2082 2628 2263 2683 tantum

404 2728 514 2766 non
569 2714 626 2767 in
683 2714 887 2769 mundo
925 2716 1272 2770 exterminat.
1348 2714 1579 2769 Interim
1618 2717 1832 2777 tamen,
1899 2710 2033 2767 lieet
2067 2704 2262 2762 societas

407 2780 594 2846 nostra
629 2792 1006 2865 philosophica
1042 2794 1259 2859 nullos,
1311 2793 1617 2865 periculoso
1655 2791 1757 2847 hoc
1794 2794 2071 2861 tempore,
2104 2784 2261 2839 coetus
2358 2822 2360 2825 <

463 2973 512 3029 1)
544 2972 649 3019 Non
696 2976 887 3035 amplius
928 2982 1106 3036 extant,
1156 2978 1227 3025 uti
1252 2992 1335 3024 nec
1374 2992 1453 3025 eae
1482 2976 1646 3035 quibus
1679 2972 1876 3035 Spinoza
1906 2972 2029 3021 hisee
2056 2961 2264 3019 Oldenbssf·

394 3039 462 3099 gii
497 3041 662 3089 litteris
691 3046 936 3106 respondit.
