<?xml version="1.0" encoding="UTF-8"?>
<!DOCTYPE html PUBLIC "-//W3C//DTD XHTML 1.0 Transitional//EN"
    "http://www.w3.org/TR/xhtml1/DTD/xhtml1-transitional.dtd">
<html xmlns="http://www.w3.org/1999/xhtml" xml:lang="en" lang="en">
 <head>
  <title>
</title>
<meta http-equiv="Content-Type" content="text/html;charset=utf-8" />
  <meta name='ocr-system' content='tesseract 3.04.00' />
  <meta name='ocr-capabilities' content='ocr_page ocr_carea ocr_par ocr_line ocrx_word'/>
</head>
<body>
  <div class='ocr_page' id='page_1' title='image "benedictidespin00vlotgoog_0337.png"; bbox 0 0 2432 3554; ppageno 0'>
   <div class='ocr_carea' id='block_1_1' title="bbox 1045 179 1158 237">
    <p class='ocr_par' dir='ltr' id='par_1_1' title="bbox 1045 179 1158 237">
     <span class='ocr_line' id='line_1_1' title="bbox 1045 179 1158 237; baseline -0.018 0"><span class='ocrx_word' id='word_1_1' title='bbox 1045 179 1158 237; x_wconf 80' lang='lat'><strong>321</strong></span> 
     </span>
    </p>
   </div>
   <div class='ocr_carea' id='block_1_2' title="bbox 151 338 2078 3129">
    <p class='ocr_par' dir='ltr' id='par_1_2' title="bbox 154 338 2056 493">
     <span class='ocr_line' id='line_1_2' title="bbox 157 338 2056 398; baseline -0.002 0"><span class='ocrx_word' id='word_1_2' title='bbox 157 357 480 398; x_wconf 73' lang='lat' dir='ltr'><strong>consumere</strong></span> <span class='ocrx_word' id='word_1_3' title='bbox 537 341 720 398; x_wconf 86' lang='lat' dir='ltr'><strong>liceat.</strong></span> <span class='ocrx_word' id='word_1_4' title='bbox 799 340 1016 396; x_wconf 85' lang='lat' dir='ltr'><strong>Haecce</strong></span> <span class='ocrx_word' id='word_1_5' title='bbox 1063 341 1247 394; x_wconf 89' lang='lat' dir='ltr'><strong>omnia</strong></span> <span class='ocrx_word' id='word_1_6' title='bbox 1285 340 1329 394; x_wconf 87' lang='lat' dir='ltr'><strong>si</strong></span> <span class='ocrx_word' id='word_1_7' title='bbox 1370 339 1601 396; x_wconf 82' lang='lat' dir='ltr'><strong>vidisset</strong></span> <span class='ocrx_word' id='word_1_8' title='bbox 1642 338 2056 395; x_wconf 86' lang='lat' dir='ltr'><strong>Illustrissimus</strong></span> 
     </span>
     <span class='ocr_line' id='line_1_3' title="bbox 154 419 2050 493; baseline -0.001 -18"><span class='ocrx_word' id='word_1_9' title='bbox 154 423 238 476; x_wconf 83' lang='lat' dir='ltr'><strong>vir</strong></span> <span class='ocrx_word' id='word_1_10' title='bbox 275 426 332 476; x_wconf 81' lang='lat' dir='ltr'><strong>et</strong></span> <span class='ocrx_word' id='word_1_11' title='bbox 368 423 531 478; x_wconf 83' lang='lat' dir='ltr'><strong>sciret</strong></span> <span class='ocrx_word' id='word_1_12' title='bbox 568 440 675 493; x_wconf 87' lang='lat' dir='ltr'><strong>quo</strong></span> <span class='ocrx_word' id='word_1_13' title='bbox 714 422 770 476; x_wconf 88' lang='lat' dir='ltr'><strong>in</strong></span> <span class='ocrx_word' id='word_1_14' title='bbox 810 426 959 476; x_wconf 85' lang='lat' dir='ltr'><strong>statu</strong></span> <span class='ocrx_word' id='word_1_15' title='bbox 999 425 1054 475; x_wconf 85' lang='lat' dir='ltr'><strong>et</strong></span> <span class='ocrx_word' id='word_1_16' title='bbox 1092 421 1295 476; x_wconf 88' lang='lat' dir='ltr'><strong>honore</strong></span> <span class='ocrx_word' id='word_1_17' title='bbox 1332 421 1477 474; x_wconf 86' lang='lat' dir='ltr'><strong>inter</strong></span> <span class='ocrx_word' id='word_1_18' title='bbox 1504 435 1648 473; x_wconf 88' lang='lat' dir='ltr'><strong>meos</strong></span> <span class='ocrx_word' id='word_1_19' title='bbox 1677 420 1890 484; x_wconf 83' lang='lat' dir='ltr'><strong>vivam,</strong></span> <span class='ocrx_word' id='word_1_20' title='bbox 1932 419 2050 491; x_wconf 88' lang='lat' dir='ltr'><strong>qui-</strong></span> 
     </span>
    </p>

    <p class='ocr_par' dir='ltr' id='par_1_3' title="bbox 151 499 2075 2731">
     <span class='ocr_line' id='line_1_4' title="bbox 157 499 2052 582; baseline -0.001 -26"><span class='ocrx_word' id='word_1_21' title='bbox 157 502 258 557; x_wconf 88' lang='lat' dir='ltr'><strong>bus</strong></span> <span class='ocrx_word' id='word_1_22' title='bbox 311 502 716 573; x_wconf 80' lang='lat' dir='ltr'><strong>impedimentis</strong></span> <span class='ocrx_word' id='word_1_23' title='bbox 754 501 1018 582; x_wconf 74' lang='lat' dir='ltr'><strong>baptenus</strong></span> <span class='ocrx_word' id='word_1_24' title='bbox 1055 508 1319 563; x_wconf 83' lang='lat' dir='ltr'><strong>vexatus,</strong></span> <span class='ocrx_word' id='word_1_25' title='bbox 1380 500 1649 554; x_wconf 73' lang='lat' dir='ltr'><strong>mir-aretis</strong></span> <span class='ocrx_word' id='word_1_26' title='bbox 1686 499 1858 564; x_wconf 88' lang='lat' dir='ltr'><strong>forte,</strong></span> <span class='ocrx_word' id='word_1_27' title='bbox 1908 500 2052 571; x_wconf 88' lang='lat' dir='ltr'><strong>quod</strong></span> 
     </span>
     <span class='ocr_line' id='line_1_5' title="bbox 155 580 2054 643; baseline -0.001 -7"><span class='ocrx_word' id='word_1_28' title='bbox 155 599 306 636; x_wconf 85' lang='lat' dir='ltr'><strong>mens</strong></span> <span class='ocrx_word' id='word_1_29' title='bbox 345 600 464 637; x_wconf 86' lang='lat' dir='ltr'><strong>mea</strong></span> <span class='ocrx_word' id='word_1_30' title='bbox 497 581 602 636; x_wconf 87' lang='lat' dir='ltr'><strong>sub</strong></span> <span class='ocrx_word' id='word_1_31' title='bbox 638 585 795 636; x_wconf 88' lang='lat' dir='ltr'><strong>tanto</strong></span> <span class='ocrx_word' id='word_1_32' title='bbox 831 599 1013 643; x_wconf 88' lang='lat' dir='ltr'><strong>onere,</strong></span> <span class='ocrx_word' id='word_1_33' title='bbox 1057 584 1113 635; x_wconf 86' lang='lat' dir='ltr'><strong>et</strong></span> <span class='ocrx_word' id='word_1_34' title='bbox 1149 585 1235 634; x_wconf 90' lang='lat' dir='ltr'><strong>tot</strong></span> <span class='ocrx_word' id='word_1_35' title='bbox 1271 580 1611 636; x_wconf 79' lang='lat' dir='ltr'><strong>vanitatibus</strong></span> <span class='ocrx_word' id='word_1_36' title='bbox 1637 580 1973 636; x_wconf 86' lang='lat' dir='ltr'><strong>circumdata</strong></span> <span class='ocrx_word' id='word_1_37' title='bbox 1998 585 2054 634; x_wconf 82' lang='lat' dir='ltr'><strong>et</strong></span> 
     </span>
     <span class='ocr_line' id='line_1_6' title="bbox 153 659 2055 731; baseline 0.001 -17"><span class='ocrx_word' id='word_1_38' title='bbox 153 659 434 721; x_wconf 84' lang='lat' dir='ltr'><strong>involuta,</strong></span> <span class='ocrx_word' id='word_1_39' title='bbox 477 664 642 730; x_wconf 86' lang='lat' dir='ltr'><strong>caput</strong></span> <span class='ocrx_word' id='word_1_40' title='bbox 677 660 884 731; x_wconf 84' lang='lat' dir='ltr'><strong>erigere</strong></span> <span class='ocrx_word' id='word_1_41' title='bbox 921 660 1100 715; x_wconf 88' lang='lat' dir='ltr'><strong>adhue</strong></span> <span class='ocrx_word' id='word_1_42' title='bbox 1139 660 1347 722; x_wconf 84' lang='lat' dir='ltr'><strong>valuit;</strong></span> <span class='ocrx_word' id='word_1_43' title='bbox 1390 659 1526 715; x_wconf 85' lang='lat' dir='ltr'><strong>sed</strong></span> <span class='ocrx_word' id='word_1_44' title='bbox 1506 677 1619 730; x_wconf 84' lang='lat' dir='ltr'><strong>Jam</strong></span> <span class='ocrx_word' id='word_1_45' title='bbox 1658 661 1786 731; x_wconf 90' lang='lat' dir='ltr'><strong>quia</strong></span> <span class='ocrx_word' id='word_1_46' title='bbox 1807 666 2055 731; x_wconf 88' lang='lat' dir='ltr'><strong>receptus</strong></span> 
     </span>
     <span class='ocr_line' id='line_1_7' title="bbox 153 739 2050 812; baseline 0 -18"><span class='ocrx_word' id='word_1_47' title='bbox 153 757 274 794; x_wconf 85' lang='lat' dir='ltr'><strong>sum</strong></span> <span class='ocrx_word' id='word_1_48' title='bbox 321 741 380 795; x_wconf 86' lang='lat' dir='ltr'><strong>in</strong></span> <span class='ocrx_word' id='word_1_49' title='bbox 416 739 768 797; x_wconf 76' lang='lat' dir='ltr'><strong>Academiam</strong></span> <span class='ocrx_word' id='word_1_50' title='bbox 807 739 1038 810; x_wconf 83' lang='lat' dir='ltr'><strong>Regiam</strong></span> <span class='ocrx_word' id='word_1_51' title='bbox 1075 742 1170 808; x_wconf 84' lang='lat' dir='ltr'><strong>(de</strong></span> <span class='ocrx_word' id='word_1_52' title='bbox 1207 757 1317 812; x_wconf 89' lang='lat' dir='ltr'><strong>quo</strong></span> <span class='ocrx_word' id='word_1_53' title='bbox 1354 741 1556 811; x_wconf 85' lang='lat' dir='ltr'><strong>poterit</strong></span> <span class='ocrx_word' id='word_1_54' title='bbox 1584 739 1767 794; x_wconf 80' lang='lat' dir='ltr'><strong>videre</strong></span> <span class='ocrx_word' id='word_1_55' title='bbox 1794 739 1966 810; x_wconf 90' lang='lat' dir='ltr'><strong>quid</strong></span> <span class='ocrx_word' id='word_1_56' title='bbox 1952 757 2050 794; x_wconf 80' lang='lat' dir='ltr'><strong>im-</strong></span> 
     </span>
     <span class='ocr_line' id='line_1_8' title="bbox 157 819 2054 892; baseline -0.001 -18"><span class='ocrx_word' id='word_1_57' title='bbox 157 838 404 892; x_wconf 84' lang='lat' dir='ltr'><strong>pressum</strong></span> <span class='ocrx_word' id='word_1_58' title='bbox 445 821 669 890; x_wconf 88' lang='lat' dir='ltr'><strong>Parisijs</strong></span> <span class='ocrx_word' id='word_1_59' title='bbox 705 821 836 874; x_wconf 71' lang='lat' dir='ltr'><strong>dans</strong></span> <span class='ocrx_word' id='word_1_60' title='bbox 871 821 921 874; x_wconf 82' lang='lat' dir='ltr'><strong>le</strong></span> <span class='ocrx_word' id='word_1_61' title='bbox 954 822 1207 877; x_wconf 85' lang='lat' dir='ltr'><strong>Mercure</strong></span> <span class='ocrx_word' id='word_1_62' title='bbox 1246 819 1466 890; x_wconf 89' lang='lat' dir='ltr'><strong>galant‚</strong></span> <span class='ocrx_word' id='word_1_63' title='bbox 1508 821 1579 873; x_wconf 77' lang='lat' dir='ltr'><strong>du</strong></span> <span class='ocrx_word' id='word_1_64' title='bbox 1603 820 1727 890; x_wconf 74' lang='lat' dir='ltr'><strong>Moy</strong></span> <span class='ocrx_word' id='word_1_65' title='bbox 1751 821 1815 873; x_wconf 78' lang='lat' dir='ltr'><strong>de</strong></span> <span class='ocrx_word' id='word_1_66' title='bbox 1837 821 2054 883; x_wconf 74' lang='lat' dir='ltr'><strong>Juillet,</strong></span> 
     </span>
     <span class='ocr_line' id='line_1_9' title="bbox 151 899 2053 971; baseline -0.001 -17"><span class='ocrx_word' id='word_1_67' title='bbox 151 917 302 954; x_wconf 85' lang='lat' dir='ltr'><strong>anno</strong></span> <span class='ocrx_word' id='word_1_68' title='bbox 339 901 510 964; x_wconf 80' lang='lat'>1682,</span> <span class='ocrx_word' id='word_1_69' title='bbox 551 918 675 971; x_wconf 86' lang='lat' dir='ltr'><strong>pag.</strong></span> <span class='ocrx_word' id='word_1_70' title='bbox 718 900 848 968; x_wconf 85' lang='lat'>308)</span> <span class='ocrx_word' id='word_1_71' title='bbox 887 919 972 954; x_wconf 88' lang='lat' dir='ltr'><strong>res</strong></span> <span class='ocrx_word' id='word_1_72' title='bbox 1011 901 1142 956; x_wconf 86' lang='lat' dir='ltr'><strong>haec</strong></span> <span class='ocrx_word' id='word_1_73' title='bbox 1179 906 1367 955; x_wconf 80' lang='lat' dir='ltr'><strong>tantae</strong></span> <span class='ocrx_word' id='word_1_74' title='bbox 1403 899 1741 955; x_wconf 87' lang='lat' dir='ltr'><strong>difficultatis</strong></span> <span class='ocrx_word' id='word_1_75' title='bbox 1778 919 1886 954; x_wconf 88' lang='lat' dir='ltr'><strong>non</strong></span> <span class='ocrx_word' id='word_1_76' title='bbox 1920 901 2053 963; x_wconf 85' lang='lat' dir='ltr'><strong>erit,</strong></span> 
     </span>
     <span class='ocr_line' id='line_1_10' title="bbox 155 976 2059 1050; baseline 0 -18"><span class='ocrx_word' id='word_1_77' title='bbox 155 979 317 1033; x_wconf 90' lang='lat' dir='ltr'><strong>modo</strong></span> <span class='ocrx_word' id='word_1_78' title='bbox 371 979 437 1033; x_wconf 92' lang='lat' dir='ltr'><strong>de</strong></span> <span class='ocrx_word' id='word_1_79' title='bbox 489 980 748 1050; x_wconf 86' lang='lat' dir='ltr'><strong>pensione</strong></span> <span class='ocrx_word' id='word_1_80' title='bbox 786 997 968 1033; x_wconf 85' lang='lat' dir='ltr'><strong>annua</strong></span> <span class='ocrx_word' id='word_1_81' title='bbox 1007 979 1154 1036; x_wconf 90' lang='lat' dir='ltr'><strong>mille</strong></span> <span class='ocrx_word' id='word_1_82' title='bbox 1191 976 1569 1050; x_wconf 86' lang='lat' dir='ltr'><strong>Imperialium</strong></span> <span class='ocrx_word' id='word_1_83' title='bbox 1608 980 1779 1049; x_wconf 81' lang='lat' dir='ltr'><strong>magis</strong></span> <span class='ocrx_word' id='word_1_84' title='bbox 1816 995 2059 1034; x_wconf 88' lang='lat' dir='ltr'><strong>securam</strong></span> 
     </span>
     <span class='ocr_line' id='line_1_11' title="bbox 155 1061 2059 1132; baseline -0.001 -16"><span class='ocrx_word' id='word_1_85' title='bbox 155 1078 307 1132; x_wconf 84' lang='lat' dir='ltr'><strong>spem</strong></span> <span class='ocrx_word' id='word_1_86' title='bbox 363 1061 632 1116; x_wconf 88' lang='lat' dir='ltr'><strong>haberem.</strong></span> <span class='ocrx_word' id='word_1_87' title='bbox 709 1061 827 1130; x_wconf 82' lang='lat' dir='ltr'><strong>Ego</strong></span> <span class='ocrx_word' id='word_1_88' title='bbox 886 1062 1104 1115; x_wconf 87' lang='lat' dir='ltr'><strong>interim</strong></span> <span class='ocrx_word' id='word_1_89' title='bbox 1165 1065 1319 1114; x_wconf 88' lang='lat' dir='ltr'><strong>tanto</strong></span> <span class='ocrx_word' id='word_1_90' title='bbox 1374 1061 1557 1115; x_wconf 89' lang='lat' dir='ltr'><strong>animo</strong></span> <span class='ocrx_word' id='word_1_91' title='bbox 1604 1061 1841 1115; x_wconf 87' lang='lat' dir='ltr'><strong>confisus</strong></span> <span class='ocrx_word' id='word_1_92' title='bbox 1876 1061 2059 1114; x_wconf 86' lang='lat' dir='ltr'><strong>omnia</strong></span> 
     </span>
     <span class='ocr_line' id='line_1_12' title="bbox 155 1140 2057 1214; baseline -0.003 -16"><span class='ocrx_word' id='word_1_93' title='bbox 155 1161 278 1198; x_wconf 85' lang='lat' dir='ltr'><strong>mea</strong></span> <span class='ocrx_word' id='word_1_94' title='bbox 335 1143 414 1196; x_wconf 86' lang='lat' dir='ltr'><strong>sic</strong></span> <span class='ocrx_word' id='word_1_95' title='bbox 463 1142 778 1212; x_wconf 85' lang='lat' dir='ltr'><strong>disponam,</strong></span> <span class='ocrx_word' id='word_1_96' title='bbox 843 1142 1000 1214; x_wconf 84' lang='lat' dir='ltr'><strong>quasi</strong></span> <span class='ocrx_word' id='word_1_97' title='bbox 1055 1140 1296 1211; x_wconf 87' lang='lat' dir='ltr'><strong>ejusdem</strong></span> <span class='ocrx_word' id='word_1_98' title='bbox 1351 1140 1597 1195; x_wconf 86' lang='lat' dir='ltr'><strong>absolute</strong></span> <span class='ocrx_word' id='word_1_99' title='bbox 1636 1145 1817 1194; x_wconf 87' lang='lat' dir='ltr'><strong>certus</strong></span> <span class='ocrx_word' id='word_1_100' title='bbox 1854 1157 2057 1204; x_wconf 87' lang='lat' dir='ltr'><strong>essem,</strong></span> 
     </span>
     <span class='ocr_line' id='line_1_13' title="bbox 155 1215 2059 1292; baseline -0.001 -16"><span class='ocrx_word' id='word_1_101' title='bbox 155 1229 204 1276; x_wconf 81' lang='lat' dir='ltr'><strong>et</strong></span> <span class='ocrx_word' id='word_1_102' title='bbox 275 1221 488 1292; x_wconf 89' lang='lat' dir='ltr'><strong>aliquos</strong></span> <span class='ocrx_word' id='word_1_103' title='bbox 545 1215 894 1290; x_wconf 84' lang='lat' dir='ltr'><strong>coadjutores</strong></span> <span class='ocrx_word' id='word_1_104' title='bbox 949 1220 1084 1275; x_wconf 88' lang='lat' dir='ltr'><strong>mihi</strong></span> <span class='ocrx_word' id='word_1_105' title='bbox 1138 1219 1471 1290; x_wconf 87' lang='lat' dir='ltr'><strong>procurab0,</strong></span> <span class='ocrx_word' id='word_1_106' title='bbox 1532 1224 1593 1274; x_wconf 85' lang='lat' dir='ltr'><strong>ut</strong></span> <span class='ocrx_word' id='word_1_107' title='bbox 1628 1219 1836 1290; x_wconf 86' lang='lat' dir='ltr'><strong>aliquid</strong></span> <span class='ocrx_word' id='word_1_108' title='bbox 1876 1221 2059 1290; x_wconf 89' lang='lat' dir='ltr'><strong>singu-</strong></span> 
     </span>
     <span class='ocr_line' id='line_1_14' title="bbox 155 1299 2057 1372; baseline -0.002 -16"><span class='ocrx_word' id='word_1_109' title='bbox 155 1303 271 1356; x_wconf 84' lang='lat' dir='ltr'><strong>lare</strong></span> <span class='ocrx_word' id='word_1_110' title='bbox 329 1306 603 1371; x_wconf 86' lang='lat' dir='ltr'><strong>praestare</strong></span> <span class='ocrx_word' id='word_1_111' title='bbox 659 1300 868 1355; x_wconf 83' lang='lat' dir='ltr'><strong>valeam</strong></span> <span class='ocrx_word' id='word_1_112' title='bbox 927 1302 972 1354; x_wconf 87' lang='lat' dir='ltr'><strong>si</strong></span> <span class='ocrx_word' id='word_1_113' title='bbox 1029 1317 1124 1372; x_wconf 89' lang='lat' dir='ltr'><strong>spe</strong></span> <span class='ocrx_word' id='word_1_114' title='bbox 1179 1299 1447 1355; x_wconf 81' lang='lat' dir='ltr'><strong>excidam.</strong></span> <span class='ocrx_word' id='word_1_115' title='bbox 1524 1299 1726 1353; x_wconf 83' lang='lat' dir='ltr'><strong>Fateor</strong></span> <span class='ocrx_word' id='word_1_116' title='bbox 1780 1300 2057 1370; x_wconf 90' lang='lat' dir='ltr'><strong>equidem,</strong></span> 
     </span>
     <span class='ocr_line' id='line_1_15' title="bbox 158 1378 2067 1452; baseline -0.002 -16"><span class='ocrx_word' id='word_1_117' title='bbox 158 1384 198 1436; x_wconf 84' lang='lat' dir='ltr'><strong>si</strong></span> <span class='ocrx_word' id='word_1_118' title='bbox 266 1381 550 1450; x_wconf 82' lang='lat' dir='ltr'><strong>respiciam</strong></span> <span class='ocrx_word' id='word_1_119' title='bbox 609 1381 822 1435; x_wconf 89' lang='lat' dir='ltr'><strong>itineris</strong></span> <span class='ocrx_word' id='word_1_120' title='bbox 874 1379 1038 1452; x_wconf 81' lang='lat' dir='ltr'><strong>hujus</strong></span> <span class='ocrx_word' id='word_1_121' title='bbox 1093 1380 1399 1450; x_wconf 78' lang='lat' dir='ltr'><strong>impensaS,</strong></span> <span class='ocrx_word' id='word_1_122' title='bbox 1458 1379 1603 1452; x_wconf 88' lang='lat' dir='ltr'><strong>quod</strong></span> <span class='ocrx_word' id='word_1_123' title='bbox 1647 1378 1821 1433; x_wconf 85' lang='lat' dir='ltr'><strong>solnm</strong></span> <span class='ocrx_word' id='word_1_124' title='bbox 1861 1397 1925 1432; x_wconf 92' lang='lat' dir='ltr'><strong>eo</strong></span> <span class='ocrx_word' id='word_1_125' title='bbox 1960 1381 2067 1433; x_wconf 88' lang='lat' dir='ltr'><strong>fine</strong></span> 
     </span>
     <span class='ocr_line' id='line_1_16' title="bbox 155 1459 2061 1532; baseline -0.002 -16"><span class='ocrx_word' id='word_1_126' title='bbox 155 1462 208 1516; x_wconf 88' lang='lat' dir='ltr'><strong>in</strong></span> <span class='ocrx_word' id='word_1_127' title='bbox 274 1479 358 1514; x_wconf 89' lang='lat' dir='ltr'><strong>me</strong></span> <span class='ocrx_word' id='word_1_128' title='bbox 415 1461 626 1530; x_wconf 84' lang='lat' dir='ltr'><strong>recepi,</strong></span> <span class='ocrx_word' id='word_1_129' title='bbox 686 1478 786 1515; x_wconf 87' lang='lat' dir='ltr'><strong>nec</strong></span> <span class='ocrx_word' id='word_1_130' title='bbox 831 1478 940 1514; x_wconf 90' lang='lat' dir='ltr'><strong>non</strong></span> <span class='ocrx_word' id='word_1_131' title='bbox 979 1463 1124 1532; x_wconf 88' lang='lat' dir='ltr'><strong>quod</strong></span> <span class='ocrx_word' id='word_1_132' title='bbox 1163 1461 1221 1515; x_wconf 87' lang='lat' dir='ltr'><strong>in</strong></span> <span class='ocrx_word' id='word_1_133' title='bbox 1260 1459 1539 1530; x_wconf 83' lang='lat' dir='ltr'><strong>adjutores</strong></span> <span class='ocrx_word' id='word_1_134' title='bbox 1578 1459 1887 1530; x_wconf 88' lang='lat' dir='ltr'><strong>impendere</strong></span> <span class='ocrx_word' id='word_1_135' title='bbox 1924 1476 2061 1530; x_wconf 88' lang='lat' dir='ltr'><strong>opus</strong></span> 
     </span>
     <span class='ocr_line' id='line_1_17' title="bbox 159 1539 2066 1611; baseline -0.001 -17"><span class='ocrx_word' id='word_1_136' title='bbox 159 1540 369 1604; x_wconf 76' lang='lat' dir='ltr'><strong>haben,</strong></span> <span class='ocrx_word' id='word_1_137' title='bbox 429 1557 492 1594; x_wconf 88' lang='lat' dir='ltr'><strong>ac</strong></span> <span class='ocrx_word' id='word_1_138' title='bbox 542 1545 820 1610; x_wconf 86' lang='lat' dir='ltr'><strong>praeterea</strong></span> <span class='ocrx_word' id='word_1_139' title='bbox 878 1541 1022 1611; x_wconf 89' lang='lat' dir='ltr'><strong>quod</strong></span> <span class='ocrx_word' id='word_1_140' title='bbox 1067 1539 1158 1595; x_wconf 87' lang='lat' dir='ltr'><strong>hic</strong></span> <span class='ocrx_word' id='word_1_141' title='bbox 1207 1540 1449 1595; x_wconf 88' lang='lat' dir='ltr'><strong>desinem</strong></span> <span class='ocrx_word' id='word_1_142' title='bbox 1506 1541 1689 1595; x_wconf 82' lang='lat' dir='ltr'><strong>omnia</strong></span> <span class='ocrx_word' id='word_1_143' title='bbox 1726 1539 1898 1594; x_wconf 85' lang='lat' dir='ltr'><strong>officia</strong></span> <span class='ocrx_word' id='word_1_144' title='bbox 1935 1539 2066 1593; x_wconf 89' lang='lat' dir='ltr'><strong>licet</strong></span> 
     </span>
     <span class='ocr_line' id='line_1_18' title="bbox 157 1619 2068 1691; baseline -0.002 -16"><span class='ocrx_word' id='word_1_145' title='bbox 157 1621 364 1676; x_wconf 83' lang='lat' dir='ltr'><strong>honore</strong></span> <span class='ocrx_word' id='word_1_146' title='bbox 403 1625 460 1673; x_wconf 88' lang='lat' dir='ltr'><strong>et</strong></span> <span class='ocrx_word' id='word_1_147' title='bbox 495 1619 703 1688; x_wconf 87' lang='lat' dir='ltr'><strong>divitijs</strong></span> <span class='ocrx_word' id='word_1_148' title='bbox 742 1637 850 1674; x_wconf 90' lang='lat' dir='ltr'><strong>non</strong></span> <span class='ocrx_word' id='word_1_149' title='bbox 891 1621 1158 1674; x_wconf 86' lang='lat' dir='ltr'><strong>destituta</strong></span> <span class='ocrx_word' id='word_1_150' title='bbox 1196 1636 1325 1690; x_wconf 88' lang='lat' dir='ltr'><strong>prae</strong></span> <span class='ocrx_word' id='word_1_151' title='bbox 1364 1620 1427 1689; x_wconf 90' lang='lat' dir='ltr'><strong>ijs</strong></span> <span class='ocrx_word' id='word_1_152' title='bbox 1464 1637 1602 1691; x_wconf 88' lang='lat' dir='ltr'><strong>quae</strong></span> <span class='ocrx_word' id='word_1_153' title='bbox 1642 1620 1882 1673; x_wconf 89' lang='lat' dir='ltr'><strong>nondum</strong></span> <span class='ocrx_word' id='word_1_154' title='bbox 1915 1619 2068 1673; x_wconf 88' lang='lat' dir='ltr'><strong>abso-</strong></span> 
     </span>
     <span class='ocr_line' id='line_1_19' title="bbox 162 1699 2073 1772; baseline -0.002 -16"><span class='ocrx_word' id='word_1_155' title='bbox 162 1701 278 1756; x_wconf 81' lang='lat' dir='ltr'><strong>lute</strong></span> <span class='ocrx_word' id='word_1_156' title='bbox 321 1702 572 1772; x_wconf 84' lang='lat' dir='ltr'><strong>possideo</strong></span> <span class='ocrx_word' id='word_1_157' title='bbox 593 1741 606 1757; x_wconf 89' lang='grc'>,</span> <span class='ocrx_word' id='word_1_158' title='bbox 653 1701 832 1754; x_wconf 85' lang='lat' dir='ltr'><strong>fateor</strong></span> <span class='ocrx_word' id='word_1_159' title='bbox 869 1699 1072 1771; x_wconf 89' lang='lat' dir='ltr'><strong>ubique</strong></span> <span class='ocrx_word' id='word_1_160' title='bbox 1105 1717 1186 1752; x_wconf 89' lang='lat' dir='ltr'><strong>me</strong></span> <span class='ocrx_word' id='word_1_161' title='bbox 1213 1701 1474 1754; x_wconf 87' lang='lat' dir='ltr'><strong>damnum</strong></span> <span class='ocrx_word' id='word_1_162' title='bbox 1502 1706 1636 1754; x_wconf 90' lang='lat' dir='ltr'><strong>tunc</strong></span> <span class='ocrx_word' id='word_1_163' title='bbox 1661 1717 1769 1753; x_wconf 91' lang='lat' dir='ltr'><strong>non</strong></span> <span class='ocrx_word' id='word_1_164' title='bbox 1796 1699 2073 1768; x_wconf 83' lang='lat' dir='ltr'><strong>singulare</strong></span> 
     </span>
     <span class='ocr_line' id='line_1_20' title="bbox 163 1780 2073 1853; baseline 0.001 -17"><span class='ocrx_word' id='word_1_165' title='bbox 163 1786 606 1853; x_wconf 67' lang='lat' dir='ltr'><strong>reportaturum</strong></span> <span class='ocrx_word' id='word_1_166' title='bbox 670 1781 764 1835; x_wconf 89' lang='lat' dir='ltr'><strong>sed</strong></span> <span class='ocrx_word' id='word_1_167' title='bbox 823 1780 956 1835; x_wconf 85' lang='lat' dir='ltr'><strong>satis</strong></span> <span class='ocrx_word' id='word_1_168' title='bbox 1001 1780 1136 1835; x_wconf 89' lang='lat' dir='ltr'><strong>mihi</strong></span> <span class='ocrx_word' id='word_1_169' title='bbox 1174 1786 1309 1836; x_wconf 86' lang='lat' dir='ltr'><strong>tunc</strong></span> <span class='ocrx_word' id='word_1_170' title='bbox 1346 1782 1485 1845; x_wconf 85' lang='lat' dir='ltr'><strong>erit,</strong></span> <span class='ocrx_word' id='word_1_171' title='bbox 1550 1781 1693 1851; x_wconf 89' lang='lat' dir='ltr'><strong>quod</strong></span> <span class='ocrx_word' id='word_1_172' title='bbox 1731 1797 1828 1851; x_wconf 88' lang='lat' dir='ltr'><strong>pro</strong></span> <span class='ocrx_word' id='word_1_173' title='bbox 1868 1780 2073 1839; x_wconf 85' lang='lat' dir='ltr'><strong>viribus</strong></span> 
     </span>
     <span class='ocr_line' id='line_1_21' title="bbox 163 1858 2073 1931; baseline -0.002 -14"><span class='ocrx_word' id='word_1_174' title='bbox 163 1864 398 1917; x_wconf 82' lang='lat' dir='ltr'><strong>conatus</strong></span> <span class='ocrx_word' id='word_1_175' title='bbox 455 1861 646 1914; x_wconf 83' lang='lat' dir='ltr'><strong>fuerim</strong></span> <span class='ocrx_word' id='word_1_176' title='bbox 707 1860 932 1931; x_wconf 90' lang='lat' dir='ltr'><strong>publico</strong></span> <span class='ocrx_word' id='word_1_177' title='bbox 995 1860 1074 1915; x_wconf 87' lang='lat' dir='ltr'><strong>sic</strong></span> <span class='ocrx_word' id='word_1_178' title='bbox 1128 1862 1385 1931; x_wconf 76' lang='lat' dir='ltr'><strong>prodesse</strong></span> <span class='ocrx_word' id='word_1_179' title='bbox 1424 1865 1479 1913; x_wconf 87' lang='lat' dir='ltr'><strong>et</strong></span> <span class='ocrx_word' id='word_1_180' title='bbox 1516 1858 1854 1914; x_wconf 87' lang='lat' dir='ltr'><strong>intellectum</strong></span> <span class='ocrx_word' id='word_1_181' title='bbox 1896 1877 2073 1914; x_wconf 88' lang='lat' dir='ltr'><strong>meum</strong></span> 
     </span>
     <span class='ocr_line' id='line_1_22' title="bbox 159 1940 2071 2012; baseline -0.001 -17"><span class='ocrx_word' id='word_1_182' title='bbox 159 1948 428 2012; x_wconf 84' lang='lat' dir='ltr'><strong>quantum</strong></span> <span class='ocrx_word' id='word_1_183' title='bbox 501 1940 761 2011; x_wconf 83' lang='lat' dir='ltr'><strong>possibile</strong></span> <span class='ocrx_word' id='word_1_184' title='bbox 831 1940 1098 1995; x_wconf 84' lang='lat' dir='ltr'><strong>excolere.</strong></span> <span class='ocrx_word' id='word_1_185' title='bbox 1193 1941 1252 1995; x_wconf 90' lang='lat' dir='ltr'><strong>Si</strong></span> <span class='ocrx_word' id='word_1_186' title='bbox 1316 1957 1482 2004; x_wconf 81' lang='lat' dir='ltr'><strong>vere,</strong></span> <span class='ocrx_word' id='word_1_187' title='bbox 1551 1945 1714 2011; x_wconf 89' lang='lat' dir='ltr'><strong>prout</strong></span> <span class='ocrx_word' id='word_1_188' title='bbox 1766 1940 2071 1994; x_wconf 87' lang='lat' dir='ltr'><strong>firmissime</strong></span> 
     </span>
     <span class='ocr_line' id='line_1_23' title="bbox 159 2020 2069 2092; baseline -0.001 -17"><span class='ocrx_word' id='word_1_189' title='bbox 159 2038 348 2091; x_wconf 77' lang='lat' dir='ltr'><strong>spere,</strong></span> <span class='ocrx_word' id='word_1_190' title='bbox 410 2020 552 2075; x_wconf 84' lang='lat' dir='ltr'><strong>tanti</strong></span> <span class='ocrx_word' id='word_1_191' title='bbox 593 2020 910 2076; x_wconf 85' lang='lat' dir='ltr'><strong>mediatoris</strong></span> <span class='ocrx_word' id='word_1_192' title='bbox 945 2038 1078 2091; x_wconf 80' lang='lat' dir='ltr'><strong>ope,</strong></span> <span class='ocrx_word' id='word_1_193' title='bbox 1126 2024 1180 2075; x_wconf 87' lang='lat' dir='ltr'><strong>et</strong></span> <span class='ocrx_word' id='word_1_194' title='bbox 1219 2021 1313 2092; x_wconf 86' lang='lat' dir='ltr'><strong>qui</strong></span> <span class='ocrx_word' id='word_1_195' title='bbox 1351 2021 1407 2075; x_wconf 90' lang='lat' dir='ltr'><strong>in</strong></span> <span class='ocrx_word' id='word_1_196' title='bbox 1446 2024 1602 2074; x_wconf 88' lang='lat' dir='ltr'><strong>tanto</strong></span> <span class='ocrx_word' id='word_1_197' title='bbox 1640 2020 1888 2074; x_wconf 85' lang='lat' dir='ltr'><strong>aestimio</strong></span> <span class='ocrx_word' id='word_1_198' title='bbox 1924 2021 2069 2089; x_wconf 87' lang='lat' dir='ltr'><strong>apud</strong></span> 
     </span>
     <span class='ocr_line' id='line_1_24' title="bbox 157 2098 2071 2169; baseline -0.002 -14"><span class='ocrx_word' id='word_1_199' title='bbox 157 2101 276 2155; x_wconf 85' lang='lat' dir='ltr'><strong>Dm.</strong></span> <span class='ocrx_word' id='word_1_200' title='bbox 320 2099 576 2163; x_wconf 85' lang='lat' dir='ltr'><strong>Colbert‚</strong></span> <span class='ocrx_word' id='word_1_201' title='bbox 621 2100 900 2155; x_wconf 84' lang='lat' dir='ltr'><strong>obtineam</strong></span> <span class='ocrx_word' id='word_1_202' title='bbox 940 2108 1001 2155; x_wconf 86' lang='lat' dir='ltr'><strong>ut</strong></span> <span class='ocrx_word' id='word_1_203' title='bbox 1039 2100 1225 2155; x_wconf 82' lang='lat' dir='ltr'><strong>studia</strong></span> <span class='ocrx_word' id='word_1_204' title='bbox 1264 2118 1384 2155; x_wconf 86' lang='lat' dir='ltr'><strong>mea</strong></span> <span class='ocrx_word' id='word_1_205' title='bbox 1421 2100 1741 2155; x_wconf 86' lang='lat' dir='ltr'><strong>continuare</strong></span> <span class='ocrx_word' id='word_1_206' title='bbox 1777 2098 1935 2163; x_wconf 86' lang='lat' dir='ltr'><strong>licet,</strong></span> <span class='ocrx_word' id='word_1_207' title='bbox 1983 2116 2071 2169; x_wconf 87' lang='lat' dir='ltr'><strong>pe-</strong></span> 
     </span>
     <span class='ocr_line' id='line_1_25' title="bbox 160 2178 2073 2252; baseline -0.001 -17"><span class='ocrx_word' id='word_1_208' title='bbox 160 2184 315 2235; x_wconf 82' lang='lat' dir='ltr'><strong>nitus</strong></span> <span class='ocrx_word' id='word_1_209' title='bbox 373 2179 628 2235; x_wconf 89' lang='lat' dir='ltr'><strong>omnibus</strong></span> <span class='ocrx_word' id='word_1_210' title='bbox 685 2178 1053 2252; x_wconf 83' lang='lat' dir='ltr'><strong>dignitatibus</strong></span> <span class='ocrx_word' id='word_1_211' title='bbox 1097 2186 1153 2234; x_wconf 90' lang='lat' dir='ltr'><strong>et</strong></span> <span class='ocrx_word' id='word_1_212' title='bbox 1205 2180 1393 2250; x_wconf 88' lang='lat' dir='ltr'><strong>officijs</strong></span> <span class='ocrx_word' id='word_1_213' title='bbox 1431 2180 1487 2234; x_wconf 88' lang='lat' dir='ltr'><strong>in</strong></span> <span class='ocrx_word' id='word_1_214' title='bbox 1525 2183 1703 2251; x_wconf 89' lang='lat' dir='ltr'><strong>patria</strong></span> <span class='ocrx_word' id='word_1_215' title='bbox 1742 2178 2073 2234; x_wconf 89' lang='lat' dir='ltr'><strong>renunciabo</strong></span> 
     </span>
     <span class='ocr_line' id='line_1_26' title="bbox 161 2259 2069 2332; baseline 0 -19"><span class='ocrx_word' id='word_1_216' title='bbox 161 2264 352 2332; x_wconf 82' lang='lat' dir='ltr'><strong>(prout</strong></span> <span class='ocrx_word' id='word_1_217' title='bbox 410 2259 676 2313; x_wconf 86' lang='lat' dir='ltr'><strong>hactenus</strong></span> <span class='ocrx_word' id='word_1_218' title='bbox 735 2276 932 2330; x_wconf 82' lang='lat' dir='ltr'><strong>magno</strong></span> <span class='ocrx_word' id='word_1_219' title='bbox 977 2260 1263 2315; x_wconf 89' lang='lat' dir='ltr'><strong>conamine</strong></span> <span class='ocrx_word' id='word_1_220' title='bbox 1303 2262 1439 2324; x_wconf 86' lang='lat' dir='ltr'><strong>feci,</strong></span> <span class='ocrx_word' id='word_1_221' title='bbox 1502 2260 1628 2315; x_wconf 87' lang='lat' dir='ltr'><strong>lieet</strong></span> <span class='ocrx_word' id='word_1_222' title='bbox 1666 2261 1722 2315; x_wconf 89' lang='lat' dir='ltr'><strong>id</strong></span> <span class='ocrx_word' id='word_1_223' title='bbox 1762 2277 1940 2313; x_wconf 87' lang='lat' dir='ltr'><strong>rarum</strong></span> <span class='ocrx_word' id='word_1_224' title='bbox 1978 2260 2069 2313; x_wconf 88' lang='lat' dir='ltr'><strong>ad·</strong></span> 
     </span>
     <span class='ocr_line' id='line_1_27' title="bbox 163 2340 2074 2411; baseline -0.001 -16"><span class='ocrx_word' id='word_1_225' title='bbox 163 2342 386 2395; x_wconf 86' lang='lat' dir='ltr'><strong>modum</strong></span> <span class='ocrx_word' id='word_1_226' title='bbox 439 2356 558 2393; x_wconf 88' lang='lat' dir='ltr'><strong>esse</strong></span> <span class='ocrx_word' id='word_1_227' title='bbox 599 2344 844 2409; x_wconf 87' lang='lat' dir='ltr'><strong>reputem</strong></span> <span class='ocrx_word' id='word_1_228' title='bbox 886 2340 942 2393; x_wconf 92' lang='lat' dir='ltr'><strong>in</strong></span> <span class='ocrx_word' id='word_1_229' title='bbox 983 2358 1130 2393; x_wconf 87' lang='lat' dir='ltr'><strong>meae</strong></span> <span class='ocrx_word' id='word_1_230' title='bbox 1169 2340 1503 2396; x_wconf 88' lang='lat' dir='ltr'><strong>conditionis</strong></span> <span class='ocrx_word' id='word_1_231' title='bbox 1542 2340 1907 2408; x_wconf 89' lang='lat' dir='ltr'><strong>hominibus),</strong></span> <span class='ocrx_word' id='word_1_232' title='bbox 1966 2358 2074 2411; x_wconf 88' lang='lat' dir='ltr'><strong>quo</strong></span> 
     </span>
     <span class='ocr_line' id='line_1_28' title="bbox 167 2417 2073 2492; baseline -0.002 -15"><span class='ocrx_word' id='word_1_233' title='bbox 167 2421 437 2492; x_wconf 87' lang='lat' dir='ltr'><strong>colligant</strong></span> <span class='ocrx_word' id='word_1_234' title='bbox 489 2423 546 2474; x_wconf 86' lang='lat' dir='ltr'><strong>et</strong></span> <span class='ocrx_word' id='word_1_235' title='bbox 595 2417 692 2474; x_wconf 86' lang='lat' dir='ltr'><strong>alii</strong></span> <span class='ocrx_word' id='word_1_236' title='bbox 739 2437 869 2473; x_wconf 89' lang='lat' dir='ltr'><strong>num</strong></span> <span class='ocrx_word' id='word_1_237' title='bbox 929 2419 1152 2489; x_wconf 84' lang='lat' dir='ltr'><strong>indigne</strong></span> <span class='ocrx_word' id='word_1_238' title='bbox 1216 2422 1331 2474; x_wconf 83' lang='lat' dir='ltr'><strong>sint</strong></span> <span class='ocrx_word' id='word_1_239' title='bbox 1368 2422 1425 2475; x_wconf 90' lang='lat' dir='ltr'><strong>in</strong></span> <span class='ocrx_word' id='word_1_240' title='bbox 1465 2438 1547 2473; x_wconf 91' lang='lat' dir='ltr'><strong>me</strong></span> <span class='ocrx_word' id='word_1_241' title='bbox 1586 2419 1718 2474; x_wconf 88' lang='lat' dir='ltr'><strong>haec</strong></span> <span class='ocrx_word' id='word_1_242' title='bbox 1754 2419 1926 2475; x_wconf 87' lang='lat' dir='ltr'><strong>officia</strong></span> <span class='ocrx_word' id='word_1_243' title='bbox 1964 2420 2073 2475; x_wconf 88' lang='lat' dir='ltr'><strong>col-</strong></span> 
     </span>
     <span class='ocr_line' id='line_1_29' title="bbox 169 2498 2074 2570; baseline -0.001 -16"><span class='ocrx_word' id='word_1_244' title='bbox 169 2502 316 2561; x_wconf 73' lang='lat' dir='ltr'><strong>lata:</strong></span> <span class='ocrx_word' id='word_1_245' title='bbox 371 2504 642 2555; x_wconf 84' lang='lat' dir='ltr'><strong>caeterum</strong></span> <span class='ocrx_word' id='word_1_246' title='bbox 715 2500 966 2570; x_wconf 86' lang='lat' dir='ltr'><strong>sequenti</strong></span> <span class='ocrx_word' id='word_1_247' title='bbox 1019 2500 1107 2553; x_wconf 91' lang='lat' dir='ltr'><strong>die</strong></span> <span class='ocrx_word' id='word_1_248' title='bbox 1163 2501 1357 2555; x_wconf 85' lang='lat' dir='ltr'><strong>Lunae</strong></span> <span class='ocrx_word' id='word_1_249' title='bbox 1411 2500 1535 2553; x_wconf 84' lang='lat' dir='ltr'><strong>hinc</strong></span> <span class='ocrx_word' id='word_1_250' title='bbox 1574 2498 1823 2553; x_wconf 86' lang='lat' dir='ltr'><strong>abiturus</strong></span> <span class='ocrx_word' id='word_1_251' title='bbox 1862 2516 1977 2553; x_wconf 89' lang='lat' dir='ltr'><strong>sum</strong></span> <span class='ocrx_word' id='word_1_252' title='bbox 2017 2500 2074 2553; x_wconf 89' lang='lat' dir='ltr'><strong>in</strong></span> 
     </span>
     <span class='ocr_line' id='line_1_30' title="bbox 169 2577 2075 2652; baseline -0.001 -17"><span class='ocrx_word' id='word_1_253' title='bbox 169 2580 438 2652; x_wconf 55' lang='lat' dir='ltr'><strong>patr-ianm</strong></span> <span class='ocrx_word' id='word_1_254' title='bbox 511 2579 558 2633; x_wconf 91' lang='lat' dir='ltr'><strong>si</strong></span> <span class='ocrx_word' id='word_1_255' title='bbox 622 2578 754 2633; x_wconf 88' lang='lat' dir='ltr'><strong>mihi</strong></span> <span class='ocrx_word' id='word_1_256' title='bbox 793 2578 1016 2650; x_wconf 86' lang='lat' dir='ltr'><strong>aliquod</strong></span> <span class='ocrx_word' id='word_1_257' title='bbox 1058 2597 1377 2650; x_wconf 86' lang='lat' dir='ltr'><strong>responsum</strong></span> <span class='ocrx_word' id='word_1_258' title='bbox 1418 2580 1545 2633; x_wconf 83' lang='lat' dir='ltr'><strong>dare</strong></span> <span class='ocrx_word' id='word_1_259' title='bbox 1584 2578 1797 2650; x_wconf 88' lang='lat' dir='ltr'><strong>placeat</strong></span> <span class='ocrx_word' id='word_1_260' title='bbox 1834 2584 1929 2633; x_wconf 87' lang='lat' dir='ltr'><strong>aut</strong></span> <span class='ocrx_word' id='word_1_261' title='bbox 1966 2577 2075 2633; x_wconf 86' lang='lat' dir='ltr'><strong>alia</strong></span> 
     </span>
     <span class='ocr_line' id='line_1_31' title="bbox 171 2658 1255 2731; baseline -0.002 -16"><span class='ocrx_word' id='word_1_262' title='bbox 171 2661 460 2717; x_wconf 86' lang='lat' dir='ltr'><strong>occasione</strong></span> <span class='ocrx_word' id='word_1_263' title='bbox 499 2676 704 2731; x_wconf 86' lang='lat' dir='ltr'><strong>quaeso</strong></span> <span class='ocrx_word' id='word_1_264' title='bbox 743 2658 932 2713; x_wconf 89' lang='lat' dir='ltr'><strong>literas</strong></span> <span class='ocrx_word' id='word_1_265' title='bbox 970 2660 1255 2715; x_wconf 86' lang='lat' dir='ltr'><strong>inscribas:</strong></span> 
     </span>
    </p>

    <p class='ocr_par' dir='ltr' id='par_1_4' title="bbox 351 2737 2078 3047">
     <span class='ocr_line' id='line_1_32' title="bbox 351 2737 2075 2809; baseline -0.001 -15"><span class='ocrx_word' id='word_1_266' title='bbox 351 2739 404 2793; x_wconf 90' lang='lat' dir='ltr'>A</span> <span class='ocrx_word' id='word_1_267' title='bbox 443 2740 553 2794; x_wconf 89' lang='lat' dir='ltr'><strong>Mr.</strong></span> <span class='ocrx_word' id='word_1_268' title='bbox 597 2737 924 2791; x_wconf 83' lang='lat' dir='ltr'><strong>Ehrenfried</strong></span> <span class='ocrx_word' id='word_1_269' title='bbox 965 2739 1218 2794; x_wconf 83' lang='lat' dir='ltr'><strong>Walther</strong></span> <span class='ocrx_word' id='word_1_270' title='bbox 1257 2740 1323 2793; x_wconf 87' lang='lat' dir='ltr'><strong>de</strong></span> <span class='ocrx_word' id='word_1_271' title='bbox 1364 2738 1761 2795; x_wconf 77' lang='lat' dir='ltr'><strong>TschirnhauS.</strong></span> <span class='ocrx_word' id='word_1_272' title='bbox 1810 2737 2075 2809; x_wconf 84' lang='lat' dir='ltr'><strong>Seigneur</strong></span> 
     </span>
     <span class='ocr_line' id='line_1_33' title="bbox 429 2817 2074 2890; baseline 0 -19"><span class='ocrx_word' id='word_1_273' title='bbox 429 2820 494 2872; x_wconf 90' lang='lat' dir='ltr'><strong>de</strong></span> <span class='ocrx_word' id='word_1_274' title='bbox 547 2818 1004 2888; x_wconf 83' lang='lat' dir='ltr'><strong>Kisslingswalde</strong></span> <span class='ocrx_word' id='word_1_275' title='bbox 1067 2824 1124 2873; x_wconf 91' lang='lat' dir='ltr'><strong>et</strong></span> <span class='ocrx_word' id='word_1_276' title='bbox 1179 2819 1569 2886; x_wconf 85' lang='lat' dir='ltr'><strong>Stolzenberg‚</strong></span> <span class='ocrx_word' id='word_1_277' title='bbox 1621 2823 1839 2890; x_wconf 87' lang='lat' dir='ltr'><strong>present</strong></span> <span class='ocrx_word' id='word_1_278' title='bbox 1874 2817 1907 2871; x_wconf 72' lang='grc' dir='ltr'>ὲ</span> <span class='ocrx_word' id='word_1_279' title='bbox 1943 2820 2074 2873; x_wconf 90' lang='lat' dir='ltr'><strong>Am-</strong></span> 
     </span>
     <span class='ocr_line' id='line_1_34' title="bbox 433 2897 2078 2969; baseline -0.001 -16"><span class='ocrx_word' id='word_1_280' title='bbox 433 2899 704 2963; x_wconf 72' lang='lat' dir='ltr'><strong>ster-dam,</strong></span> <span class='ocrx_word' id='word_1_281' title='bbox 761 2916 832 2969; x_wconf 89' lang='lat' dir='ltr'><strong>op</strong></span> <span class='ocrx_word' id='word_1_282' title='bbox 901 2897 968 2951; x_wconf 89' lang='lat' dir='ltr'><strong>de</strong></span> <span class='ocrx_word' id='word_1_283' title='bbox 1022 2899 1449 2953; x_wconf 86' lang='lat' dir='ltr'><strong>Warmesstraat</strong></span> <span class='ocrx_word' id='word_1_284' title='bbox 1503 2897 1561 2951; x_wconf 92' lang='lat' dir='ltr'><strong>in</strong></span> <span class='ocrx_word' id='word_1_285' title='bbox 1598 2898 1665 2952; x_wconf 89' lang='lat' dir='ltr'><strong>de</strong></span> <span class='ocrx_word' id='word_1_286' title='bbox 1702 2898 1944 2961; x_wconf 87' lang='lat' dir='ltr'><strong>Kloeck,</strong></span> <span class='ocrx_word' id='word_1_287' title='bbox 2008 2899 2078 2969; x_wconf 77' lang='lat' dir='ltr'><strong>by</strong></span> 
     </span>
     <span class='ocr_line' id='line_1_35' title="bbox 430 2977 1325 3047; baseline -0.002 -14"><span class='ocrx_word' id='word_1_288' title='bbox 430 2978 707 3047; x_wconf 89' lang='lat' dir='ltr'><strong>Mijnheer</strong></span> <span class='ocrx_word' id='word_1_289' title='bbox 745 2977 1058 3047; x_wconf 89' lang='lat' dir='ltr'><strong>Ameldong</strong></span> <span class='ocrx_word' id='word_1_290' title='bbox 1093 2977 1325 3033; x_wconf 88' lang='lat' dir='ltr'><strong>Bloeck.</strong></span> 
     </span>
    </p>

    <p class='ocr_par' dir='ltr' id='par_1_5' title="bbox 255 3056 2078 3129">
     <span class='ocr_line' id='line_1_36' title="bbox 255 3056 2078 3129; baseline 0.001 -18"><span class='ocrx_word' id='word_1_291' title='bbox 255 3058 340 3112; x_wconf 89' lang='lat' dir='ltr'><strong>De</strong></span> <span class='ocrx_word' id='word_1_292' title='bbox 393 3058 603 3129; x_wconf 85' lang='lat' dir='ltr'><strong>reliquo</strong></span> <span class='ocrx_word' id='word_1_293' title='bbox 653 3057 990 3113; x_wconf 86' lang='lat' dir='ltr'><strong>latinitatem</strong></span> <span class='ocrx_word' id='word_1_294' title='bbox 1041 3076 1212 3113; x_wconf 89' lang='lat' dir='ltr'><strong>meam</strong></span> <span class='ocrx_word' id='word_1_295' title='bbox 1264 3062 1518 3120; x_wconf 82' lang='lat' dir='ltr'><strong>excuset,</strong></span> <span class='ocrx_word' id='word_1_296' title='bbox 1579 3074 1701 3112; x_wconf 91' lang='lat' dir='ltr'><strong>cum</strong></span> <span class='ocrx_word' id='word_1_297' title='bbox 1756 3056 1856 3111; x_wconf 88' lang='lat' dir='ltr'><strong>hoc</strong></span> <span class='ocrx_word' id='word_1_298' title='bbox 1901 3075 2078 3113; x_wconf 86' lang='lat' dir='ltr'><strong>rarum</strong></span> 
     </span>
    </p>
   </div>
   <div class='ocr_carea' id='block_1_3' title="bbox 1801 3142 1871 3197">
    <p class='ocr_par' dir='ltr' id='par_1_6' title="bbox 1801 3142 1871 3197">
     <span class='ocr_line' id='line_1_37' title="bbox 1801 3142 1871 3197; baseline -0.029 0"><span class='ocrx_word' id='word_1_299' title='bbox 1801 3142 1871 3197; x_wconf 81' lang='lat'><strong>21</strong></span> 
     </span>
    </p>
   </div>
  </div>
 </body>
</html>
