<?xml version="1.0" encoding="UTF-8"?>
<!DOCTYPE html PUBLIC "-//W3C//DTD XHTML 1.0 Transitional//EN"
    "http://www.w3.org/TR/xhtml1/DTD/xhtml1-transitional.dtd">
<html xmlns="http://www.w3.org/1999/xhtml" xml:lang="en" lang="en">
 <head>
  <title>
</title>
<meta http-equiv="Content-Type" content="text/html;charset=utf-8" />
  <meta name='ocr-system' content='tesseract 3.04.00' />
  <meta name='ocr-capabilities' content='ocr_page ocr_carea ocr_par ocr_line ocrx_word'/>
</head>
<body>
  <div class='ocr_page' id='page_1' title='image "benedictidespin00vlotgoog_0178.png"; bbox 0 0 2432 3554; ppageno 0'>
   <div class='ocr_carea' id='block_1_1' title="bbox 1323 162 1436 218">
    <p class='ocr_par' dir='ltr' id='par_1_1' title="bbox 1323 162 1436 218">
     <span class='ocr_line' id='line_1_1' title="bbox 1323 162 1436 218; baseline 0.018 -2"><span class='ocrx_word' id='word_1_1' title='bbox 1323 162 1436 218; x_wconf 80' lang='lat'><strong>162</strong></span> 
     </span>
    </p>
   </div>
   <div class='ocr_carea' id='block_1_2' title="bbox 424 320 2283 633">
    <p class='ocr_par' dir='ltr' id='par_1_2' title="bbox 424 320 2283 633">
     <span class='ocr_line' id='line_1_2' title="bbox 432 320 2280 400; baseline -0.004 -18"><span class='ocrx_word' id='word_1_2' title='bbox 432 346 535 400; x_wconf 90' lang='lat' dir='ltr'><strong>que</strong></span> <span class='ocrx_word' id='word_1_3' title='bbox 592 341 729 398; x_wconf 87' lang='lat' dir='ltr'><strong>quae</strong></span> <span class='ocrx_word' id='word_1_4' title='bbox 786 320 995 392; x_wconf 84' lang='lat' dir='ltr'><strong>aliquid</strong></span> <span class='ocrx_word' id='word_1_5' title='bbox 1050 321 1348 392; x_wconf 86' lang='lat' dir='ltr'><strong>producere</strong></span> <span class='ocrx_word' id='word_1_6' title='bbox 1387 321 1579 384; x_wconf 89' lang='lat' dir='ltr'><strong>debet,</strong></span> <span class='ocrx_word' id='word_1_7' title='bbox 1642 321 1742 375; x_wconf 87' lang='lat' dir='ltr'><strong>hoc</strong></span> <span class='ocrx_word' id='word_1_8' title='bbox 1781 321 2084 376; x_wconf 83' lang='lat' dir='ltr'><strong>necessario</strong></span> <span class='ocrx_word' id='word_1_9' title='bbox 2119 321 2280 392; x_wconf 81' lang='lat' dir='ltr'><strong>produ·</strong></span> 
     </span>
     <span class='ocr_line' id='line_1_3' title="bbox 424 400 2279 472; baseline -0.004 -10"><span class='ocrx_word' id='word_1_10' title='bbox 424 424 545 463; x_wconf 86' lang='lat' dir='ltr'><strong>cere</strong></span> <span class='ocrx_word' id='word_1_11' title='bbox 601 405 816 458; x_wconf 88' lang='lat' dir='ltr'><strong>debere.</strong></span> <span class='ocrx_word' id='word_1_12' title='bbox 894 401 1055 458; x_wconf 88' lang='lat' dir='ltr'><strong>Unde</strong></span> <span class='ocrx_word' id='word_1_13' title='bbox 1113 402 1360 472; x_wconf 85' lang='lat' dir='ltr'><strong>sequitur</strong></span> <span class='ocrx_word' id='word_1_14' title='bbox 1415 401 1613 465; x_wconf 89' lang='lat' dir='ltr'><strong>etiam,</strong></span> <span class='ocrx_word' id='word_1_15' title='bbox 1677 402 1778 456; x_wconf 88' lang='lat' dir='ltr'><strong>hoc</strong></span> <span class='ocrx_word' id='word_1_16' title='bbox 1834 400 2042 456; x_wconf 79' lang='lat' dir='ltr'><strong>illudve</strong></span> <span class='ocrx_word' id='word_1_17' title='bbox 2077 403 2279 472; x_wconf 79' lang='lat' dir='ltr'><strong>particu-</strong></span> 
     </span>
     <span class='ocr_line' id='line_1_4' title="bbox 432 480 2283 551; baseline -0.004 -11"><span class='ocrx_word' id='word_1_18' title='bbox 432 485 620 540; x_wconf 84' lang='lat' dir='ltr'><strong>lariter</strong></span> <span class='ocrx_word' id='word_1_19' title='bbox 656 482 917 536; x_wconf 85' lang='lat' dir='ltr'><strong>affirmare</strong></span> <span class='ocrx_word' id='word_1_20' title='bbox 954 480 1041 535; x_wconf 86' lang='lat' dir='ltr'><strong>vel</strong></span> <span class='ocrx_word' id='word_1_21' title='bbox 1080 497 1306 551; x_wconf 85' lang='lat' dir='ltr'><strong>negare,</strong></span> <span class='ocrx_word' id='word_1_22' title='bbox 1348 480 1416 534; x_wconf 88' lang='lat' dir='ltr'><strong>ab</strong></span> <span class='ocrx_word' id='word_1_23' title='bbox 1453 480 1640 551; x_wconf 87' lang='lat' dir='ltr'><strong>aliqua</strong></span> <span class='ocrx_word' id='word_1_24' title='bbox 1677 497 1842 536; x_wconf 87' lang='lat' dir='ltr'><strong>causa</strong></span> <span class='ocrx_word' id='word_1_25' title='bbox 1879 484 2100 536; x_wconf 82' lang='lat' dir='ltr'><strong>externa</strong></span> <span class='ocrx_word' id='word_1_26' title='bbox 2133 497 2283 550; x_wconf 77' lang='lat' dir='ltr'><strong>proce-</strong></span> 
     </span>
     <span class='ocr_line' id='line_1_5' title="bbox 430 559 2176 633; baseline -0.003 -13"><span class='ocrx_word' id='word_1_27' title='bbox 430 565 558 620; x_wconf 83' lang='lat' dir='ltr'><strong>dere</strong></span> <span class='ocrx_word' id='word_1_28' title='bbox 592 564 786 617; x_wconf 87' lang='lat' dir='ltr'><strong>debere</strong></span> <span class='ocrx_word' id='word_1_29' title='bbox 816 565 890 630; x_wconf 89' lang='lat'><strong>¹),</strong></span> <span class='ocrx_word' id='word_1_30' title='bbox 934 578 1105 633; x_wconf 87' lang='lat' dir='ltr'><strong>neque</strong></span> <span class='ocrx_word' id='word_1_31' title='bbox 1143 560 1296 614; x_wconf 80' lang='lat' dir='ltr'><strong>iilam</strong></span> <span class='ocrx_word' id='word_1_32' title='bbox 1335 575 1554 614; x_wconf 80' lang='lat' dir='ltr'><strong>causam</strong></span> <span class='ocrx_word' id='word_1_33' title='bbox 1595 559 1818 614; x_wconf 79' lang='lat' dir='ltr'><strong>liberam</strong></span> <span class='ocrx_word' id='word_1_34' title='bbox 1859 578 1975 616; x_wconf 80' lang='lat' dir='ltr'><strong>esse</strong></span> <span class='ocrx_word' id='word_1_35' title='bbox 2015 578 2176 631; x_wconf 79' lang='lat' dir='ltr'><strong>posse.</strong></span> 
     </span>
    </p>
   </div>
   <div class='ocr_carea' id='block_1_3' title="bbox 424 959 2292 2091">
    <p class='ocr_par' dir='ltr' id='par_1_3' title="bbox 428 959 2290 1094">
     <span class='ocr_line' id='line_1_6' title="bbox 486 959 2290 1023; baseline -0.002 -13"><span class='ocrx_word' id='word_1_36' title='bbox 486 967 534 1023; x_wconf 91' lang='lat'><strong>1)</strong></span> <span class='ocrx_word' id='word_1_37' title='bbox 598 963 783 1010; x_wconf 79' lang='lat' dir='ltr'>Certum</span> <span class='ocrx_word' id='word_1_38' title='bbox 842 967 910 1006; x_wconf 86' lang='lat' dir='ltr'><strong>est</strong></span> <span class='ocrx_word' id='word_1_39' title='bbox 970 959 1230 1006; x_wconf 87' lang='lat' dir='ltr'><strong>volitionem</strong></span> <span class='ocrx_word' id='word_1_40' title='bbox 1296 961 1608 1022; x_wconf 80' lang='lat' dir='ltr'>particularem</span> <span class='ocrx_word' id='word_1_41' title='bbox 1659 977 1836 1008; x_wconf 80' lang='lat' dir='ltr'><strong>causam</strong></span> <span class='ocrx_word' id='word_1_42' title='bbox 1886 969 2110 1010; x_wconf 80' lang='lat' dir='ltr'><strong>externam</strong></span> <span class='ocrx_word' id='word_1_43' title='bbox 2161 963 2290 1008; x_wconf 78' lang='lat' dir='ltr'><strong>habere</strong></span> 
     </span>
     <span class='ocr_line' id='line_1_7' title="bbox 428 1031 2106 1094; baseline -0.001 -13"><span class='ocrx_word' id='word_1_44' title='bbox 428 1035 586 1081; x_wconf 88' lang='lat' dir='ltr'><strong>debere</strong></span> <span class='ocrx_word' id='word_1_45' title='bbox 618 1048 705 1092; x_wconf 87' lang='lat' dir='ltr'><strong>qua</strong></span> <span class='ocrx_word' id='word_1_46' title='bbox 738 1032 823 1089; x_wconf 87' lang='lat' dir='ltr'><strong>sit,</strong></span> <span class='ocrx_word' id='word_1_47' title='bbox 856 1045 955 1077; x_wconf 86' lang='lat' dir='ltr'><strong>cum</strong></span> <span class='ocrx_word' id='word_1_48' title='bbox 988 1031 1044 1076; x_wconf 86' lang='lat' dir='ltr'><strong>ad</strong></span> <span class='ocrx_word' id='word_1_49' title='bbox 1076 1031 1317 1078; x_wconf 78' lang='lat' dir='ltr'><strong>essentiam</strong></span> <span class='ocrx_word' id='word_1_50' title='bbox 1351 1034 1446 1090; x_wconf 77' lang='lat' dir='ltr'><strong>ejus</strong></span> <span class='ocrx_word' id='word_1_51' title='bbox 1479 1032 1716 1078; x_wconf 79' lang='lat' dir='ltr'><strong>existentia</strong></span> <span class='ocrx_word' id='word_1_52' title='bbox 1749 1048 1838 1078; x_wconf 90' lang='lat' dir='ltr'><strong>non</strong></span> <span class='ocrx_word' id='word_1_53' title='bbox 1873 1033 2106 1094; x_wconf 84' lang='lat' dir='ltr'><strong>pertineat.</strong></span> 
     </span>
    </p>

    <p class='ocr_par' dir='ltr' id='par_1_4' title="bbox 424 1101 2292 2091">
     <span class='ocr_line' id='line_1_8' title="bbox 494 1101 2292 1162; baseline -0.003 -10"><span class='ocrx_word' id='word_1_54' title='bbox 494 1105 543 1152; x_wconf 89' lang='lat' dir='ltr'><strong>Si</strong></span> <span class='ocrx_word' id='word_1_55' title='bbox 592 1105 691 1162; x_wconf 79' lang='lat' dir='ltr'><strong>quis</strong></span> <span class='ocrx_word' id='word_1_56' title='bbox 740 1103 884 1148; x_wconf 82' lang='lat' dir='ltr'><strong>dicere</strong></span> <span class='ocrx_word' id='word_1_57' title='bbox 930 1103 1064 1148; x_wconf 82' lang='lat' dir='ltr'><strong>vellet</strong></span> <span class='ocrx_word' id='word_1_58' title='bbox 1112 1101 1229 1160; x_wconf 87' lang='lat' dir='ltr'><strong>quod</strong></span> <span class='ocrx_word' id='word_1_59' title='bbox 1279 1116 1452 1148; x_wconf 82' lang='lat' dir='ltr'><strong>causae·</strong></span> <span class='ocrx_word' id='word_1_60' title='bbox 1485 1105 1582 1162; x_wconf 77' lang='lat' dir='ltr'><strong>ejus</strong></span> <span class='ocrx_word' id='word_1_61' title='bbox 1629 1104 1821 1149; x_wconf 85' lang='lat' dir='ltr'><strong>efficiens</strong></span> <span class='ocrx_word' id='word_1_62' title='bbox 1868 1105 1968 1151; x_wconf 82' lang='lat' dir='ltr'><strong>idea</strong></span> <span class='ocrx_word' id='word_1_63' title='bbox 1999 1121 2087 1151; x_wconf 89' lang='lat' dir='ltr'><strong>non</strong></span> <span class='ocrx_word' id='word_1_64' title='bbox 2119 1105 2194 1162; x_wconf 86' lang='lat' dir='ltr'><strong>sit,</strong></span> <span class='ocrx_word' id='word_1_65' title='bbox 2234 1103 2292 1149; x_wconf 79' lang='lat' dir='ltr'><strong>sed</strong></span> 
     </span>
     <span class='ocr_line' id='line_1_9' title="bbox 426 1173 2290 1237; baseline -0.001 -13"><span class='ocrx_word' id='word_1_66' title='bbox 426 1178 523 1237; x_wconf 75' lang='lat' dir='ltr'><strong>ipsa</strong></span> <span class='ocrx_word' id='word_1_67' title='bbox 574 1175 813 1231; x_wconf 81' lang='lat' dir='ltr'><strong>voluntas,</strong></span> <span class='ocrx_word' id='word_1_68' title='bbox 864 1189 1005 1232; x_wconf 90' lang='lat' dir='ltr'><strong>neque</strong></span> <span class='ocrx_word' id='word_1_69' title='bbox 1037 1174 1152 1220; x_wconf 88' lang='lat' dir='ltr'><strong>hanc</strong></span> <span class='ocrx_word' id='word_1_70' title='bbox 1186 1179 1312 1220; x_wconf 78' lang='lat' dir='ltr'><strong>extra</strong></span> <span class='ocrx_word' id='word_1_71' title='bbox 1344 1173 1620 1220; x_wconf 84' lang='lat' dir='ltr'><strong>intellectum</strong></span> <span class='ocrx_word' id='word_1_72' title='bbox 1655 1189 1750 1220; x_wconf 85' lang='lat' dir='ltr'><strong>esse</strong></span> <span class='ocrx_word' id='word_1_73' title='bbox 1781 1190 1912 1234; x_wconf 79' lang='lat' dir='ltr'><strong>posse</strong></span> <span class='ocrx_word' id='word_1_74' title='bbox 1922 1195 1936 1233; x_wconf 71' lang='grc' dir='ltr'><strong><em>ς</em></strong></span> <span class='ocrx_word' id='word_1_75' title='bbox 1987 1177 2180 1235; x_wconf 87' lang='lat' dir='ltr'><strong>quodque</strong></span> <span class='ocrx_word' id='word_1_76' title='bbox 2206 1191 2290 1234; x_wconf 81' lang='lat' dir='ltr'><strong>ergo</strong></span> 
     </span>
     <span class='ocr_line' id='line_1_10' title="bbox 429 1242 2290 1304; baseline -0.001 -11"><span class='ocrx_word' id='word_1_77' title='bbox 429 1247 637 1293; x_wconf 77' lang='lat' dir='ltr'><strong>voluntas</strong></span> <span class='ocrx_word' id='word_1_78' title='bbox 670 1244 1011 1290; x_wconf 82' lang='lat' dir='ltr'><strong>indeterminate</strong></span> <span class='ocrx_word' id='word_1_79' title='bbox 1043 1250 1220 1300; x_wconf 83' lang='lat' dir='ltr'><strong>sumta,</strong></span> <span class='ocrx_word' id='word_1_80' title='bbox 1265 1242 1331 1288; x_wconf 89' lang='lat' dir='ltr'><strong>uti</strong></span> <span class='ocrx_word' id='word_1_81' title='bbox 1363 1249 1408 1289; x_wconf 77' lang='lat' dir='ltr'><strong>et·</strong></span> <span class='ocrx_word' id='word_1_82' title='bbox 1439 1245 1724 1304; x_wconf 81' lang='lat' dir='ltr'><strong>intellectus,</strong></span> <span class='ocrx_word' id='word_1_83' title='bbox 1757 1261 1850 1292; x_wconf 90' lang='lat' dir='ltr'><strong>non</strong></span> <span class='ocrx_word' id='word_1_84' title='bbox 1881 1248 2071 1295; x_wconf 79' lang='lat' dir='ltr'><strong>rationis</strong></span> <span class='ocrx_word' id='word_1_85' title='bbox 2102 1248 2170 1294; x_wconf 85' lang='lat' dir='ltr'><strong>sed</strong></span> <span class='ocrx_word' id='word_1_86' title='bbox 2199 1249 2290 1292; x_wconf 71' lang='lat' dir='ltr'><strong>reale</strong></span> 
     </span>
     <span class='ocr_line' id='line_1_11' title="bbox 427 1313 2288 1376; baseline -0.002 -12"><span class='ocrx_word' id='word_1_87' title='bbox 427 1333 507 1364; x_wconf 88' lang='lat' dir='ltr'><strong>ens</strong></span> <span class='ocrx_word' id='word_1_88' title='bbox 540 1318 624 1373; x_wconf 76' lang='lat' dir='ltr'><strong>ait3</strong></span> <span class='ocrx_word' id='word_1_89' title='bbox 657 1315 933 1376; x_wconf 79' lang='lat' dir='ltr'><strong>respondeo,</strong></span> <span class='ocrx_word' id='word_1_90' title='bbox 966 1314 1042 1362; x_wconf 90' lang='lat' dir='ltr'><strong>ubi</strong></span> <span class='ocrx_word' id='word_1_91' title='bbox 1074 1319 1248 1360; x_wconf 84' lang='lat' dir='ltr'><strong>attente</strong></span> <span class='ocrx_word' id='word_1_92' title='bbox 1279 1313 1403 1360; x_wconf 89' lang='lat' dir='ltr'><strong>illam</strong></span> <span class='ocrx_word' id='word_1_93' title='bbox 1435 1317 1696 1374; x_wconf 81' lang='lat' dir='ltr'><strong>considero,</strong></span> <span class='ocrx_word' id='word_1_94' title='bbox 1730 1333 1798 1363; x_wconf 85' lang='lat' dir='ltr'><strong>me</strong></span> <span class='ocrx_word' id='word_1_95' title='bbox 1830 1319 1944 1364; x_wconf 88' lang='lat' dir='ltr'><strong>nihil</strong></span> <span class='ocrx_word' id='word_1_96' title='bbox 1977 1321 2092 1365; x_wconf 86' lang='lat' dir='ltr'><strong>reale</strong></span> <span class='ocrx_word' id='word_1_97' title='bbox 2113 1318 2288 1366; x_wconf 78' lang='lat' dir='ltr'><strong>iliiattri·</strong></span> 
     </span>
     <span class='ocr_line' id='line_1_12' title="bbox 432 1387 2286 1450; baseline -0.003 -13"><span class='ocrx_word' id='word_1_98' title='bbox 432 1391 563 1437; x_wconf 88' lang='lat' dir='ltr'><strong>buere</strong></span> <span class='ocrx_word' id='word_1_99' title='bbox 594 1404 739 1450; x_wconf 80' lang='lat' dir='ltr'><strong>posse.</strong></span> <span class='ocrx_word' id='word_1_100' title='bbox 804 1388 874 1434; x_wconf 88' lang='lat' dir='ltr'><strong>Sit</strong></span> <span class='ocrx_word' id='word_1_101' title='bbox 908 1402 1011 1434; x_wconf 86' lang='lat' dir='ltr'><strong>vero</strong></span> <span class='ocrx_word' id='word_1_102' title='bbox 1045 1387 1133 1442; x_wconf 90' lang='lat' dir='ltr'><strong>ita,</strong></span> <span class='ocrx_word' id='word_1_103' title='bbox 1180 1391 1376 1432; x_wconf 78' lang='lat' dir='ltr'><strong>attamen</strong></span> <span class='ocrx_word' id='word_1_104' title='bbox 1410 1387 1652 1434; x_wconf 77' lang='lat' dir='ltr'><strong>concedere</strong></span> <span class='ocrx_word' id='word_1_105' title='bbox 1685 1388 1840 1446; x_wconf 78' lang='lat' dir='ltr'><strong>debes,</strong></span> <span class='ocrx_word' id='word_1_106' title='bbox 1875 1389 2134 1436; x_wconf 84' lang='lat' dir='ltr'><strong>volitionem</strong></span> <span class='ocrx_word' id='word_1_107' title='bbox 2163 1389 2286 1434; x_wconf 78' lang='lat' dir='ltr'><strong>volun-</strong></span> 
     </span>
     <span class='ocr_line' id='line_1_13' title="bbox 428 1457 2288 1519; baseline -0.003 -9"><span class='ocrx_word' id='word_1_108' title='bbox 428 1463 535 1510; x_wconf 82' lang='lat' dir='ltr'><strong>tatis</strong></span> <span class='ocrx_word' id='word_1_109' title='bbox 566 1477 664 1508; x_wconf 80' lang='lat' dir='ltr'><strong>esse</strong></span> <span class='ocrx_word' id='word_1_110' title='bbox 690 1461 1087 1516; x_wconf 84' lang='lat' dir='ltr'><strong>modificationem,</strong></span> <span class='ocrx_word' id='word_1_111' title='bbox 1124 1459 1189 1504; x_wconf 90' lang='lat' dir='ltr'><strong>uti</strong></span> <span class='ocrx_word' id='word_1_112' title='bbox 1208 1458 1334 1506; x_wconf 83' lang='lat' dir='ltr'><strong>ideae</strong></span> <span class='ocrx_word' id='word_1_113' title='bbox 1349 1457 1469 1504; x_wconf 85' lang='lat' dir='ltr'><strong>modi</strong></span> <span class='ocrx_word' id='word_1_114' title='bbox 1484 1458 1736 1505; x_wconf 83' lang='lat' dir='ltr'><strong>intellectus</strong></span> <span class='ocrx_word' id='word_1_115' title='bbox 1755 1465 1860 1506; x_wconf 86' lang='lat' dir='ltr'><strong>sunt</strong></span> <span class='ocrx_word' id='word_1_116' title='bbox 1869 1479 1883 1516; x_wconf 83' lang='lat'><em>3</em></span> <span class='ocrx_word' id='word_1_117' title='bbox 1915 1461 2161 1506; x_wconf 82' lang='lat' dir='ltr'><strong>intellectus</strong></span> <span class='ocrx_word' id='word_1_118' title='bbox 2175 1459 2288 1519; x_wconf 82' lang='lat' dir='ltr'><strong>igitur</strong></span> 
     </span>
     <span class='ocr_line' id='line_1_14' title="bbox 426 1528 2287 1588; baseline -0.004 -7"><span class='ocrx_word' id='word_1_119' title='bbox 426 1541 472 1581; x_wconf 88' lang='lat' dir='ltr'><strong>et</strong></span> <span class='ocrx_word' id='word_1_120' title='bbox 504 1535 710 1580; x_wconf 79' lang='lat' dir='ltr'><strong>voluntas</strong></span> <span class='ocrx_word' id='word_1_121' title='bbox 742 1533 891 1579; x_wconf 80' lang='lat' dir='ltr'><strong>variae</strong></span> <span class='ocrx_word' id='word_1_122' title='bbox 923 1536 967 1576; x_wconf 91' lang='lat' dir='ltr'><strong>et</strong></span> <span class='ocrx_word' id='word_1_123' title='bbox 1005 1528 1183 1575; x_wconf 85' lang='lat' dir='ltr'><strong>realiter</strong></span> <span class='ocrx_word' id='word_1_124' title='bbox 1215 1545 1242 1574; x_wconf 86' lang='lat' dir='ltr'><strong>a</strong></span> <span class='ocrx_word' id='word_1_125' title='bbox 1275 1545 1321 1575; x_wconf 82' lang='lat' dir='ltr'><strong>se</strong></span> <span class='ocrx_word' id='word_1_126' title='bbox 1345 1530 1600 1576; x_wconf 86' lang='lat' dir='ltr'><strong>differentes</strong></span> <span class='ocrx_word' id='word_1_127' title='bbox 1620 1529 1896 1576; x_wconf 85' lang='lat' dir='ltr'><strong>substantiae</strong></span> <span class='ocrx_word' id='word_1_128' title='bbox 1911 1539 2042 1588; x_wconf 79' lang='lat' dir='ltr'><strong>snnt;</strong></span> <span class='ocrx_word' id='word_1_129' title='bbox 2074 1531 2287 1578; x_wconf 78' lang='lat' dir='ltr'><strong>substantia</strong></span> 
     </span>
     <span class='ocr_line' id='line_1_15' title="bbox 427 1599 2287 1661; baseline -0.003 -10"><span class='ocrx_word' id='word_1_130' title='bbox 427 1606 575 1661; x_wconf 90' lang='lat' dir='ltr'><strong>enim,</strong></span> <span class='ocrx_word' id='word_1_131' title='bbox 625 1619 718 1650; x_wconf 89' lang='lat' dir='ltr'><strong>non</strong></span> <span class='ocrx_word' id='word_1_132' title='bbox 766 1617 869 1649; x_wconf 84' lang='lat' dir='ltr'><strong>vero</strong></span> <span class='ocrx_word' id='word_1_133' title='bbox 918 1600 1102 1658; x_wconf 86' lang='lat' dir='ltr'><strong>modus,</strong></span> <span class='ocrx_word' id='word_1_134' title='bbox 1153 1599 1446 1646; x_wconf 84' lang='lat' dir='ltr'><strong>modificatur.</strong></span> <span class='ocrx_word' id='word_1_135' title='bbox 1511 1599 1562 1646; x_wconf 80' lang='lat' dir='ltr'><strong>Si</strong></span> <span class='ocrx_word' id='word_1_136' title='bbox 1611 1614 1717 1648; x_wconf 83' lang='lat' dir='ltr'><strong>vero</strong></span> <span class='ocrx_word' id='word_1_137' title='bbox 1764 1616 1886 1648; x_wconf 82' lang='lat' dir='ltr'><strong>mens</strong></span> <span class='ocrx_word' id='word_1_138' title='bbox 1935 1610 2158 1660; x_wconf 82' lang='lat' dir='ltr'><strong>utramque</strong></span> <span class='ocrx_word' id='word_1_139' title='bbox 2193 1601 2287 1646; x_wconf 74' lang='lat' dir='ltr'><strong>illam</strong></span> 
     </span>
     <span class='ocr_line' id='line_1_16' title="bbox 430 1670 2288 1734; baseline -0.005 -10"><span class='ocrx_word' id='word_1_140' title='bbox 430 1676 725 1724; x_wconf 71' lang='lat' dir='ltr'><strong>substantiam</strong></span> <span class='ocrx_word' id='word_1_141' title='bbox 774 1673 953 1734; x_wconf 84' lang='lat' dir='ltr'><strong>dirigit,</strong></span> <span class='ocrx_word' id='word_1_142' title='bbox 996 1675 1091 1733; x_wconf 87' lang='lat' dir='ltr'><strong>jam</strong></span> <span class='ocrx_word' id='word_1_143' title='bbox 1139 1671 1278 1730; x_wconf 85' lang='lat' dir='ltr'><strong>igitur</strong></span> <span class='ocrx_word' id='word_1_144' title='bbox 1311 1670 1444 1718; x_wconf 85' lang='lat' dir='ltr'><strong>tertia</strong></span> <span class='ocrx_word' id='word_1_145' title='bbox 1475 1671 1561 1717; x_wconf 82' lang='lat' dir='ltr'><strong>erit</strong></span> <span class='ocrx_word' id='word_1_146' title='bbox 1595 1672 1858 1728; x_wconf 49' lang='lat' dir='ltr'><strong>substanti&amp;</strong></span> <span class='ocrx_word' id='word_1_147' title='bbox 1913 1687 2026 1731; x_wconf 85' lang='lat' dir='ltr'><strong>qnae</strong></span> <span class='ocrx_word' id='word_1_148' title='bbox 2057 1673 2192 1719; x_wconf 85' lang='lat' dir='ltr'><strong>omnia</strong></span> <span class='ocrx_word' id='word_1_149' title='bbox 2217 1678 2288 1718; x_wconf 78' lang='lat' dir='ltr'><strong>tara</strong></span> 
     </span>
     <span class='ocr_line' id='line_1_17' title="bbox 428 1741 2286 1804; baseline -0.005 -11"><span class='ocrx_word' id='word_1_150' title='bbox 428 1748 611 1793; x_wconf 75' lang='lat' dir='ltr'><strong>confusa</strong></span> <span class='ocrx_word' id='word_1_151' title='bbox 660 1751 791 1803; x_wconf 84' lang='lat' dir='ltr'><strong>sunt,</strong></span> <span class='ocrx_word' id='word_1_152' title='bbox 841 1750 890 1791; x_wconf 93' lang='lat' dir='ltr'><strong>ut</strong></span> <span class='ocrx_word' id='word_1_153' title='bbox 945 1742 1220 1804; x_wconf 84' lang='lat' dir='ltr'><strong>impossibile</strong></span> <span class='ocrx_word' id='word_1_154' title='bbox 1269 1742 1329 1788; x_wconf 83' lang='lat' dir='ltr'><strong>sit</strong></span> <span class='ocrx_word' id='word_1_155' title='bbox 1381 1741 1542 1787; x_wconf 82' lang='lat' dir='ltr'><strong>claram</strong></span> <span class='ocrx_word' id='word_1_156' title='bbox 1592 1741 1934 1802; x_wconf 80' lang='lat' dir='ltr'><strong>dietinctamque</strong></span> <span class='ocrx_word' id='word_1_157' title='bbox 1982 1757 2128 1790; x_wconf 86' lang='lat' dir='ltr'><strong>eornm</strong></span> <span class='ocrx_word' id='word_1_158' title='bbox 2159 1742 2286 1789; x_wconf 76' lang='lat' dir='ltr'><strong>habere</strong></span> 
     </span>
     <span class='ocr_line' id='line_1_18' title="bbox 426 1814 2282 1870; baseline -0.004 -7"><span class='ocrx_word' id='word_1_159' title='bbox 426 1818 583 1865; x_wconf 87' lang='lat' dir='ltr'><strong>ideam.</strong></span> <span class='ocrx_word' id='word_1_160' title='bbox 647 1817 760 1863; x_wconf 87' lang='lat' dir='ltr'><strong>Cum</strong></span> <span class='ocrx_word' id='word_1_161' title='bbox 808 1815 924 1861; x_wconf 87' lang='lat' dir='ltr'><strong>enim</strong></span> <span class='ocrx_word' id='word_1_162' title='bbox 973 1814 1097 1861; x_wconf 83' lang='lat' dir='ltr'><strong>ideae</strong></span> <span class='ocrx_word' id='word_1_163' title='bbox 1147 1828 1238 1859; x_wconf 87' lang='lat' dir='ltr'><strong>non</strong></span> <span class='ocrx_word' id='word_1_164' title='bbox 1285 1814 1377 1859; x_wconf 83' lang='lat' dir='ltr'><strong>sint</strong></span> <span class='ocrx_word' id='word_1_165' title='bbox 1426 1814 1472 1859; x_wconf 90' lang='lat' dir='ltr'><strong>in</strong></span> <span class='ocrx_word' id='word_1_166' title='bbox 1506 1814 1738 1861; x_wconf 81' lang='lat' dir='ltr'><strong>voluntate</strong></span> <span class='ocrx_word' id='word_1_167' title='bbox 1769 1814 1924 1861; x_wconf 86' lang='lat' dir='ltr'><strong>sedin</strong></span> <span class='ocrx_word' id='word_1_168' title='bbox 1956 1815 2194 1870; x_wconf 87' lang='lat' dir='ltr'><strong>intellectu,</strong></span> <span class='ocrx_word' id='word_1_169' title='bbox 2233 1826 2282 1857; x_wconf 80' lang='lat' dir='ltr'><strong>se-</strong></span> 
     </span>
     <span class='ocr_line' id='line_1_19' title="bbox 426 1886 2286 1948; baseline -0.004 -12"><span class='ocrx_word' id='word_1_170' title='bbox 426 1890 617 1937; x_wconf 87' lang='lat' dir='ltr'><strong>cundum</strong></span> <span class='ocrx_word' id='word_1_171' title='bbox 648 1889 772 1935; x_wconf 87' lang='lat' dir='ltr'><strong>illam</strong></span> <span class='ocrx_word' id='word_1_172' title='bbox 806 1888 1001 1948; x_wconf 84' lang='lat' dir='ltr'><strong>regulam</strong></span> <span class='ocrx_word' id='word_1_173' title='bbox 1034 1887 1154 1945; x_wconf 81' lang='lat' dir='ltr'><strong>quod</strong></span> <span class='ocrx_word' id='word_1_174' title='bbox 1186 1887 1322 1933; x_wconf 75' lang='lat' dir='ltr'><strong>nnius</strong></span> <span class='ocrx_word' id='word_1_175' title='bbox 1354 1888 1632 1933; x_wconf 74' lang='lat' dir='ltr'><strong>substantiae</strong></span> <span class='ocrx_word' id='word_1_176' title='bbox 1663 1888 1818 1935; x_wconf 80' lang='lat' dir='ltr'><strong>modus</strong></span> <span class='ocrx_word' id='word_1_177' title='bbox 1852 1890 1899 1934; x_wconf 88' lang='lat' dir='ltr'><strong>in</strong></span> <span class='ocrx_word' id='word_1_178' title='bbox 1931 1890 2112 1935; x_wconf 83' lang='lat' dir='ltr'><strong>alterins</strong></span> <span class='ocrx_word' id='word_1_179' title='bbox 2127 1886 2286 1935; x_wconf 67' lang='lat' dir='ltr'><strong>transire</strong></span> 
     </span>
     <span class='ocr_line' id='line_1_20' title="bbox 426 1956 2285 2021; baseline -0.003 -13"><span class='ocrx_word' id='word_1_180' title='bbox 426 1966 640 2021; x_wconf 84' lang='lat' dir='ltr'><strong>nequeat,</strong></span> <span class='ocrx_word' id='word_1_181' title='bbox 673 1960 720 2006; x_wconf 92' lang='lat' dir='ltr'><strong>in</strong></span> <span class='ocrx_word' id='word_1_182' title='bbox 753 1960 983 2006; x_wconf 82' lang='lat' dir='ltr'><strong>voluntate</strong></span> <span class='ocrx_word' id='word_1_183' title='bbox 1016 1970 1141 2003; x_wconf 85' lang='lat' dir='ltr'><strong>amor</strong></span> <span class='ocrx_word' id='word_1_184' title='bbox 1175 1956 1285 2003; x_wconf 88' lang='lat' dir='ltr'><strong>oriri</strong></span> <span class='ocrx_word' id='word_1_185' title='bbox 1320 1957 1500 2016; x_wconf 82' lang='lat' dir='ltr'><strong>nequit3</strong></span> <span class='ocrx_word' id='word_1_186' title='bbox 1534 1958 1880 2005; x_wconf 80' lang='lat' dir='ltr'><strong>contradictioni</strong></span> <span class='ocrx_word' id='word_1_187' title='bbox 1913 1960 2031 2006; x_wconf 87' lang='lat' dir='ltr'><strong>enim</strong></span> <span class='ocrx_word' id='word_1_188' title='bbox 2063 1976 2108 2006; x_wconf 84' lang='lat' dir='ltr'><strong>se</strong></span> <span class='ocrx_word' id='word_1_189' title='bbox 2123 1958 2285 2019; x_wconf 74' lang='lat' dir='ltr'><strong>implicat</strong></span> 
     </span>
     <span class='ocr_line' id='line_1_21' title="bbox 424 2028 1923 2091; baseline -0.001 -12"><span class='ocrx_word' id='word_1_190' title='bbox 424 2032 590 2091; x_wconf 88' lang='lat' dir='ltr'><strong>aliquid</strong></span> <span class='ocrx_word' id='word_1_191' title='bbox 622 2032 757 2089; x_wconf 84' lang='lat' dir='ltr'><strong>velle,</strong></span> <span class='ocrx_word' id='word_1_192' title='bbox 791 2033 917 2089; x_wconf 77' lang='lat' dir='ltr'><strong>quus</strong></span> <span class='ocrx_word' id='word_1_193' title='bbox 952 2029 1017 2075; x_wconf 87' lang='lat' dir='ltr'><strong>rei</strong></span> <span class='ocrx_word' id='word_1_194' title='bbox 1048 2029 1147 2075; x_wconf 86' lang='lat' dir='ltr'><strong>idea</strong></span> <span class='ocrx_word' id='word_1_195' title='bbox 1178 2044 1270 2075; x_wconf 89' lang='lat' dir='ltr'><strong>non</strong></span> <span class='ocrx_word' id='word_1_196' title='bbox 1303 2028 1352 2074; x_wconf 90' lang='lat' dir='ltr'><strong>in</strong></span> <span class='ocrx_word' id='word_1_197' title='bbox 1382 2034 1607 2088; x_wconf 84' lang='lat' dir='ltr'><strong>potestate</strong></span> <span class='ocrx_word' id='word_1_198' title='bbox 1641 2030 1817 2076; x_wconf 86' lang='lat' dir='ltr'><strong>volente</strong></span> <span class='ocrx_word' id='word_1_199' title='bbox 1849 2030 1923 2077; x_wconf 85' lang='lat' dir='ltr'><strong>sit.</strong></span> 
     </span>
    </p>
   </div>
   <div class='ocr_carea' id='block_1_4' title="bbox 424 2319 2284 2891">
    <p class='ocr_par' dir='ltr' id='par_1_5' title="bbox 424 2319 2284 2817">
     <span class='ocr_line' id='line_1_22' title="bbox 489 2319 2284 2379; baseline -0.005 -8"><span class='ocrx_word' id='word_1_200' title='bbox 489 2324 536 2373; x_wconf 90' lang='lat' dir='ltr'><strong>Si</strong></span> <span class='ocrx_word' id='word_1_201' title='bbox 571 2338 674 2371; x_wconf 87' lang='lat' dir='ltr'><strong>vero</strong></span> <span class='ocrx_word' id='word_1_202' title='bbox 707 2322 817 2370; x_wconf 83' lang='lat' dir='ltr'><strong>dicis</strong></span> <span class='ocrx_word' id='word_1_203' title='bbox 852 2322 1149 2374; x_wconf 83' lang='lat' dir='ltr'><strong>voluntatem,</strong></span> <span class='ocrx_word' id='word_1_204' title='bbox 1186 2324 1370 2379; x_wconf 83' lang='lat' dir='ltr'><strong>propter</strong></span> <span class='ocrx_word' id='word_1_205' title='bbox 1401 2319 1611 2366; x_wconf 87' lang='lat' dir='ltr'><strong>unionem</strong></span> <span class='ocrx_word' id='word_1_206' title='bbox 1645 2336 1775 2379; x_wconf 85' lang='lat' dir='ltr'><strong>quam</strong></span> <span class='ocrx_word' id='word_1_207' title='bbox 1804 2336 1903 2367; x_wconf 88' lang='lat' dir='ltr'><strong>cum</strong></span> <span class='ocrx_word' id='word_1_208' title='bbox 1923 2322 2144 2369; x_wconf 77' lang='lat' dir='ltr'><strong>intellectu</strong></span> <span class='ocrx_word' id='word_1_209' title='bbox 2159 2320 2284 2370; x_wconf 78' lang='lat' dir='ltr'><strong>habet,</strong></span> 
     </span>
     <span class='ocr_line' id='line_1_23' title="bbox 424 2390 2282 2455; baseline -0.005 -12"><span class='ocrx_word' id='word_1_210' title='bbox 424 2396 559 2443; x_wconf 88' lang='lat' dir='ltr'><strong>etiam</strong></span> <span class='ocrx_word' id='word_1_211' title='bbox 606 2394 834 2455; x_wconf 85' lang='lat' dir='ltr'><strong>percipere</strong></span> <span class='ocrx_word' id='word_1_212' title='bbox 881 2391 999 2451; x_wconf 88' lang='lat' dir='ltr'><strong>quod</strong></span> <span class='ocrx_word' id='word_1_213' title='bbox 1047 2390 1302 2436; x_wconf 81' lang='lat' dir='ltr'><strong>intellectus</strong></span> <span class='ocrx_word' id='word_1_214' title='bbox 1335 2390 1553 2452; x_wconf 88' lang='lat' dir='ltr'><strong>concipit,</strong></span> <span class='ocrx_word' id='word_1_215' title='bbox 1603 2396 1736 2450; x_wconf 83' lang='lat' dir='ltr'><strong>atque</strong></span> <span class='ocrx_word' id='word_1_216' title='bbox 1767 2392 1832 2439; x_wconf 84' lang='lat' dir='ltr'><strong>ita</strong></span> <span class='ocrx_word' id='word_1_217' title='bbox 1861 2393 1996 2440; x_wconf 87' lang='lat' dir='ltr'><strong>etiam</strong></span> <span class='ocrx_word' id='word_1_218' title='bbox 2029 2407 2184 2447; x_wconf 81' lang='lat' dir='ltr'><strong>amare;</strong></span> <span class='ocrx_word' id='word_1_219' title='bbox 2223 2402 2282 2434; x_wconf 81' lang='lat' dir='ltr'><strong>no·</strong></span> 
     </span>
     <span class='ocr_line' id='line_1_24' title="bbox 425 2457 2283 2531; baseline -0.002 -16"><span class='ocrx_word' id='word_1_220' title='bbox 425 2473 571 2525; x_wconf 87' lang='lat' dir='ltr'><strong>tetur,</strong></span> <span class='ocrx_word' id='word_1_221' title='bbox 622 2474 930 2529; x_wconf 83' lang='lat' dir='ltr'><strong>praeterquam</strong></span> <span class='ocrx_word' id='word_1_222' title='bbox 978 2468 1097 2525; x_wconf 84' lang='lat' dir='ltr'><strong>quod</strong></span> <span class='ocrx_word' id='word_1_223' title='bbox 1143 2457 1218 2518; x_wconf 74' lang='grc' dir='ltr'><strong>τὸ</strong></span> <span class='ocrx_word' id='word_1_224' title='bbox 1265 2468 1492 2529; x_wconf 84' lang='lat' dir='ltr'><strong>percipere</strong></span> <span class='ocrx_word' id='word_1_225' title='bbox 1541 2468 1696 2515; x_wconf 86' lang='lat' dir='ltr'><strong>modus</strong></span> <span class='ocrx_word' id='word_1_226' title='bbox 1743 2470 1878 2515; x_wconf 86' lang='lat' dir='ltr'><strong>etiam</strong></span> <span class='ocrx_word' id='word_1_227' title='bbox 1927 2468 2191 2531; x_wconf 82' lang='lat' dir='ltr'><strong>intelligendi</strong></span> <span class='ocrx_word' id='word_1_228' title='bbox 2217 2465 2283 2518; x_wconf 77' lang='lat' dir='ltr'><strong>sit,</strong></span> 
     </span>
     <span class='ocr_line' id='line_1_25' title="bbox 426 2543 2283 2605; baseline 0.002 -15"><span class='ocrx_word' id='word_1_229' title='bbox 426 2545 665 2591; x_wconf 70' lang='lat' dir='ltr'><strong>secundum</strong></span> <span class='ocrx_word' id='word_1_230' title='bbox 712 2543 1047 2603; x_wconf 84' lang='lat' dir='ltr'><strong>praecedentia,</strong></span> <span class='ocrx_word' id='word_1_231' title='bbox 1094 2547 1230 2593; x_wconf 85' lang='lat' dir='ltr'><strong>etiam</strong></span> <span class='ocrx_word' id='word_1_232' title='bbox 1265 2546 1303 2593; x_wconf 80' lang='lat' dir='ltr'><strong>si</strong></span> <span class='ocrx_word' id='word_1_233' title='bbox 1334 2544 1440 2591; x_wconf 79' lang='lat' dir='ltr'><strong>talis</strong></span> <span class='ocrx_word' id='word_1_234' title='bbox 1471 2545 1674 2605; x_wconf 78' lang='lat' dir='ltr'><strong>corporis</strong></span> <span class='ocrx_word' id='word_1_235' title='bbox 1705 2547 1955 2605; x_wconf 76' lang='lat' dir='ltr'><strong>mentisque</strong></span> <span class='ocrx_word' id='word_1_236' title='bbox 1985 2548 2090 2593; x_wconf 89' lang='lat' dir='ltr'><strong>unio</strong></span> <span class='ocrx_word' id='word_1_237' title='bbox 2119 2545 2283 2594; x_wconf 69' lang='lat' dir='ltr'><strong>adesset,</strong></span> 
     </span>
     <span class='ocr_line' id='line_1_26' title="bbox 428 2614 2284 2681; baseline -0.002 -20"><span class='ocrx_word' id='word_1_238' title='bbox 428 2614 548 2661; x_wconf 85' lang='lat' dir='ltr'><strong>illam</strong></span> <span class='ocrx_word' id='word_1_239' title='bbox 581 2615 630 2661; x_wconf 89' lang='lat' dir='ltr'><strong>in</strong></span> <span class='ocrx_word' id='word_1_240' title='bbox 664 2616 893 2662; x_wconf 77' lang='lat' dir='ltr'><strong>voluntate</strong></span> <span class='ocrx_word' id='word_1_241' title='bbox 924 2630 1021 2661; x_wconf 81' lang='lat' dir='ltr'><strong>esse</strong></span> <span class='ocrx_word' id='word_1_242' title='bbox 1052 2632 1143 2663; x_wconf 90' lang='lat' dir='ltr'><strong>non</strong></span> <span class='ocrx_word' id='word_1_243' title='bbox 1175 2633 1321 2681; x_wconf 77' lang='lat' dir='ltr'><strong>posse.</strong></span> <span class='ocrx_word' id='word_1_244' title='bbox 1363 2614 1519 2661; x_wconf 74' lang='lat' dir='ltr'><strong>Posito</strong></span> <span class='ocrx_word' id='word_1_245' title='bbox 1553 2614 1670 2661; x_wconf 88' lang='lat' dir='ltr'><strong>enim</strong></span> <span class='ocrx_word' id='word_1_246' title='bbox 1703 2616 1821 2675; x_wconf 89' lang='lat' dir='ltr'><strong>quod</strong></span> <span class='ocrx_word' id='word_1_247' title='bbox 1853 2632 2013 2679; x_wconf 75' lang='lat' dir='ltr'><strong>corpus</strong></span> <span class='ocrx_word' id='word_1_248' title='bbox 2044 2632 2136 2663; x_wconf 86' lang='lat' dir='ltr'><strong>cum</strong></span> <span class='ocrx_word' id='word_1_249' title='bbox 2164 2618 2284 2660; x_wconf 68' lang='lat' dir='ltr'><strong>mente</strong></span> 
     </span>
     <span class='ocr_line' id='line_1_27' title="bbox 429 2684 2280 2747; baseline -0.001 -16"><span class='ocrx_word' id='word_1_250' title='bbox 429 2684 603 2731; x_wconf 82' lang='lat' dir='ltr'><strong>unitum</strong></span> <span class='ocrx_word' id='word_1_251' title='bbox 635 2685 695 2732; x_wconf 83' lang='lat' dir='ltr'><strong>sit</strong></span> <span class='ocrx_word' id='word_1_252' title='bbox 728 2684 967 2731; x_wconf 77' lang='lat' dir='ltr'><strong>secundnm</strong></span> <span class='ocrx_word' id='word_1_253' title='bbox 999 2700 1278 2734; x_wconf 88' lang='lat' dir='ltr'><strong>communem</strong></span> <span class='ocrx_word' id='word_1_254' title='bbox 1293 2686 1664 2747; x_wconf 81' lang='lat' dir='ltr'><strong>philosophorum</strong></span> <span class='ocrx_word' id='word_1_255' title='bbox 1683 2687 2060 2747; x_wconf 81' lang='lat' dir='ltr'><strong>propositionem,</strong></span> <span class='ocrx_word' id='word_1_256' title='bbox 2089 2696 2280 2743; x_wconf 73' lang='lat' dir='ltr'><strong>nunquam</strong></span> 
     </span>
     <span class='ocr_line' id='line_1_28' title="bbox 426 2755 1628 2817; baseline 0.003 -16"><span class='ocrx_word' id='word_1_257' title='bbox 426 2759 575 2801; x_wconf 85' lang='lat' dir='ltr'><strong>tamen</strong></span> <span class='ocrx_word' id='word_1_258' title='bbox 606 2770 769 2815; x_wconf 69' lang='lat' dir='ltr'><strong>corpus</strong></span> <span class='ocrx_word' id='word_1_259' title='bbox 800 2755 991 2816; x_wconf 86' lang='lat' dir='ltr'><strong>percipit</strong></span> <span class='ocrx_word' id='word_1_260' title='bbox 1024 2772 1166 2817; x_wconf 86' lang='lat' dir='ltr'><strong>neque</strong></span> <span class='ocrx_word' id='word_1_261' title='bbox 1198 2774 1323 2805; x_wconf 76' lang='lat' dir='ltr'><strong>mene</strong></span> <span class='ocrx_word' id='word_1_262' title='bbox 1355 2758 1628 2805; x_wconf 81' lang='lat' dir='ltr'><strong>extenditur.</strong></span> 
     </span>
    </p>

    <p class='ocr_par' dir='ltr' id='par_1_6' title="bbox 490 2824 2278 2891">
     <span class='ocr_line' id='line_1_29' title="bbox 490 2824 2278 2891; baseline 0.001 -20"><span class='ocrx_word' id='word_1_263' title='bbox 490 2824 539 2872; x_wconf 87' lang='lat' dir='ltr'><strong>Si</strong></span> <span class='ocrx_word' id='word_1_264' title='bbox 571 2841 676 2872; x_wconf 84' lang='lat' dir='ltr'><strong>vero</strong></span> <span class='ocrx_word' id='word_1_265' title='bbox 707 2826 819 2873; x_wconf 76' lang='lat' dir='ltr'><strong>dicia</strong></span> <span class='ocrx_word' id='word_1_266' title='bbox 851 2830 1041 2873; x_wconf 86' lang='lat' dir='ltr'><strong>mentem</strong></span> <span class='ocrx_word' id='word_1_267' title='bbox 1074 2834 1119 2874; x_wconf 88' lang='lat' dir='ltr'><strong>et</strong></span> <span class='ocrx_word' id='word_1_268' title='bbox 1150 2829 1428 2875; x_wconf 82' lang='lat' dir='ltr'><strong>intellectum</strong></span> <span class='ocrx_word' id='word_1_269' title='bbox 1459 2834 1505 2876; x_wconf 85' lang='lat' dir='ltr'><strong>et</strong></span> <span class='ocrx_word' id='word_1_270' title='bbox 1537 2830 1813 2877; x_wconf 80' lang='lat' dir='ltr'><strong>voluntatem</strong></span> <span class='ocrx_word' id='word_1_271' title='bbox 1845 2830 2032 2891; x_wconf 87' lang='lat' dir='ltr'><strong>dirigere</strong></span> <span class='ocrx_word' id='word_1_272' title='bbox 2049 2867 2061 2889; x_wconf 87' lang='lat'><strong>,</strong></span> <span class='ocrx_word' id='word_1_273' title='bbox 2108 2830 2182 2874; x_wconf 87' lang='lat' dir='ltr'><strong>hoc</strong></span> <span class='ocrx_word' id='word_1_274' title='bbox 2209 2838 2278 2870; x_wconf 79' lang='lat' dir='ltr'><strong>non</strong></span> 
     </span>
    </p>
   </div>
   <div class='ocr_carea' id='block_1_5' title="bbox 2357 0 2374 3505">
    <p class='ocr_par' dir='ltr' id='par_1_7' title="bbox 2357 0 2374 3505">
     <span class='ocr_line' id='line_1_30' title="bbox 2357 0 2374 3505; baseline 0 0"><span class='ocrx_word' id='word_1_275' title='bbox 2357 0 2374 3505; x_wconf 95' lang='lat' dir='ltr'><strong> </strong></span> 
     </span>
    </p>
   </div>
  </div>
 </body>
</html>
