2432 3554
1259 203 1374 258 172

362 364 421 414 et
445 358 577 431 quid
604 358 743 416 illud
770 361 843 418 sit
866 361 933 418 ab
965 380 1073 416 uno
1098 361 1169 417 ad
1194 363 1427 418 alterum
1454 364 1686 420 transire
1713 364 1963 438 trahique
1979 407 1996 430 ‚
2029 383 2232 437 puerum

361 440 815 512 imaginabimur,
864 443 955 514 qni
995 444 1169 514 prima
1204 444 1325 500 vice
1362 443 1432 498 ad
1469 443 1704 515 alicujus
1741 445 1822 500 rei
1861 445 2233 516 perceptionem

361 519 674 591 perveniat;
733 539 823 576 ex.
863 539 943 592 gr.
979 521 1415 579 tintinnabulum
1454 523 1504 578 ei
1544 523 1806 586 exhibeO,
1847 523 1992 594 quod
2027 523 2230 578 auribus

360 598 482 670 ejus
518 607 733 673 gratum
772 600 1007 658 efficiens
1044 619 1272 666 sonum,
1313 602 1615 674 appetitum
1655 603 1742 658 sui
1781 602 1830 657 ei
1870 603 2087 673 injicit;
2122 601 2230 658 vide

352 679 501 749 jam,
542 697 671 734 num
709 681 960 736 omittere
998 682 1173 753 possit
1208 683 1512 754 appetitum
1552 682 1988 754 cupiditatemve
2017 681 2228 740 habere?

361 758 736 816 Affirmantem
775 765 831 814 te
868 777 1001 831 rogo
1020 801 1041 828 ‚
1078 781 1187 834 qua
1225 763 1292 817 de
1329 763 1535 818 causa?
1575 781 1684 818 non
1723 763 1943 834 quidem
1979 763 2152 836 aliqua
2185 780 2234 818 re

361 856 524 910 quam
565 840 760 894 melius
798 842 1111 911 cognoscit,
1152 844 1284 914 quia
1309 842 1482 898 solum
1511 847 1595 898 est
1619 843 1766 915 quod
1791 849 2109 916 cognoscat:
2145 859 2234 898 nec

359 919 523 973 etiam
552 921 682 990 quia
709 918 909 976 malum
936 921 986 975 ei
1012 923 1119 988 sit,
1160 923 1300 978 nihil
1325 923 1476 978 aliud
1503 924 1648 978 enim
1675 924 1986 994 cognoscit,
2019 927 2071 978 et
2094 927 2232 996 grata

358 997 458 1054 illa
494 1000 771 1070 perceptio
810 1001 1015 1071 optima
1050 1006 1136 1056 est
1171 1020 1310 1073 quae
1349 1020 1586 1075 unquam
1611 1003 1659 1057 ei
1688 1003 1966 1059 acciderit.
2016 1003 2235 1060 Habebit

358 1085 543 1136 autem
584 1081 813 1137 fortasse
849 1083 1158 1139 libertatem
1196 1085 1500 1155 appetitum
1538 1101 1696 1154 quem
1736 1082 1898 1138 habet
1923 1081 2228 1154 seponendi;

359 1161 505 1214 unde
532 1159 703 1232 igitur
728 1168 1045 1234 sequeretur
1070 1165 1375 1236 appetitum
1402 1162 1558 1218 illum
1585 1163 1644 1218 in
1670 1162 1828 1218 nobis
1855 1163 1973 1219 sine
1999 1163 2232 1220 libertate

357 1243 547 1295 nostra
584 1241 822 1312 incipere
860 1243 1077 1314 quidem
1115 1262 1303 1315 posse,
1345 1248 1587 1299 attamen
1615 1260 1714 1298 nos
1740 1243 2048 1298 libertatem
2074 1244 2129 1300 in
2153 1259 2232 1298 no·

358 1317 441 1372 bis
482 1318 677 1374 habere
714 1338 838 1374 eum
875 1323 1178 1378 amovendi.
1229 1323 1384 1379 Haec
1421 1340 1550 1377 vero
1577 1323 1802 1378 libertas
1827 1323 2234 1395 experimentum

356 1415 468 1452 non
494 1400 750 1463 sustinet;
780 1400 912 1471 quid
940 1401 1082 1455 enim
1104 1408 1250 1457 esset
1269 1402 1409 1459 illud
1429 1403 1572 1475 qnod
1597 1403 1900 1475 appetitum
1921 1399 2234 1460 destrueret?

354 1479 637 1549 appetitus
670 1479 828 1552 ipse?
902 1480 1167 1546 Minime,
1208 1483 1480 1551 profecto;
1523 1481 1661 1538 nihil
1689 1483 1831 1537 enim
1860 1486 1974 1547 est,
2017 1483 2160 1556 quod
2180 1499 2234 1538 ex

355 1559 577 1628 propria
616 1576 714 1613 sua
752 1565 949 1614 natura
986 1559 1413 1617 destructionem
1451 1579 1604 1617 suam
1633 1563 1880 1635 quaerit:
1923 1564 2060 1636 quid
2085 1565 2236 1636 igitur

355 1637 491 1700 erit,
520 1639 664 1710 quod
685 1640 988 1710 appetitum
1008 1639 1165 1694 illum
1187 1646 1498 1700 removeat?
1536 1642 1675 1697 nihil
1696 1642 1845 1697 aliud
1861 1682 1878 1707 ‚
1909 1661 2039 1699 sane
2054 1683 2073 1710 ,
2093 1659 2234 1716 quam

354 1717 499 1789 quod
538 1723 595 1772 et
632 1723 860 1774 naturae
898 1719 1087 1774 ordine
1124 1736 1398 1793 cursuque
1434 1721 1700 1779 afficiatur
1727 1721 1795 1779 ab
1822 1723 2008 1796 aliqua
2034 1742 2091 1779 re
2115 1739 2234 1797 quae

354 1798 533 1869 priore
584 1798 792 1868 gratior
828 1803 931 1853 est.
1008 1800 1410 1867 Quamobrem,
1465 1803 1548 1857 uti
1587 1803 1654 1856 de
1691 1802 1976 1859 voluntate
2015 1808 2231 1859 tractan-

354 1882 439 1933 tes
486 1878 757 1945 diximuS,
816 1882 1159 1937 voluntatem
1214 1882 1273 1937 in
1328 1882 1640 1937 hominibus
1679 1882 1756 1937 nil
1795 1882 1950 1938 aliud
1987 1902 2104 1939 esse
2137 1880 2228 1937 nisi

353 1956 495 2014 hanc
550 1957 813 2031 illamque
868 1960 1190 2015 volitionem
1246 1959 1314 2016 ab
1370 1960 1472 2017 hec
1530 1961 1732 2034 illaque
1777 1962 1900 2017 idea
1936 1967 2228 2021 causatamz

316 2037 433 2091 ‘ita
489 2044 545 2092 et
600 2040 875 2111 cupiditas
913 2041 972 2095 in
1009 2058 1073 2093 eo
1112 2058 1222 2095 non
1261 2045 1346 2096 est
1382 2047 1596 2113 praeter
1633 2044 1779 2099 hunc
1818 2042 2046 2099 illumve
2083 2041 2229 2115 parti·

351 2116 593 2173 cularem
630 2120 955 2190 appetitum.
1002 2122 1093 2177 Ita
1130 2124 1224 2187 ut,
1265 2123 1484 2193 quando
1521 2123 1756 2179 dicimus
1792 2123 2146 2194 cupiditatem
2169 2121 2226 2175 li-

354 2196 535 2251 beram
575 2216 723 2263 esse,
767 2199 868 2254 boc
905 2217 1077 2271 aeque
1112 2200 1294 2255 valeat
1332 2218 1396 2257 ac
1433 2202 1478 2257 si
1518 2201 1824 2259 diceremus
1851 2201 1996 2259 hunc
2023 2202 2229 2258 illumve

350 2278 654 2348 appetitum
694 2295 913 2335 causam
950 2280 1037 2334 sui
1074 2298 1224 2343 esse,
1268 2280 1318 2337 h.
1357 2300 1406 2335 e.
1447 2286 1740 2354 antequam
1777 2287 1954 2345 esset,
2008 2288 2069 2337 ut
2103 2282 2229 2337 esset

351 2356 607 2415 effecisse.
679 2359 845 2421 Quod
882 2360 1003 2430 ipsa
1040 2364 1125 2417 est
1169 2362 1510 2427 absurditas,
1572 2378 1673 2419 nec
1711 2362 1891 2419 locum
1930 2362 2120 2419 habere
2154 2377 2232 2433 po-

349 2439 476 2492 test.
554 2438 843 2510 Cupiditas
880 2440 1079 2512 igitur,
1128 2442 1459 2513 generaliter
1497 2447 1702 2506 sumta,
1743 2442 1874 2497 dum
1913 2441 2051 2499 nihil
2085 2436 2223 2496 aliud
