2432 3554
1287 151 1403 210 298

402 312 663 382 pictorem
689 310 757 366 ad
784 311 928 366 viam
955 312 1156 368 dictam
1178 312 1445 368 Kerklaan
1472 314 1537 380 ι),
1564 330 1721 383 quem
1744 311 2075 367 liberaliores
2092 310 2255 365 fovisse

402 391 553 445 ideas
607 409 768 463 quam
824 410 963 463 quae
1001 397 1135 448 tunc
1171 393 1431 463 temporis
1468 391 1526 445 in
1566 389 1811 446 Ecclesia
1849 391 2153 446 Reformata
2182 405 2255 442 va-

405 471 618 533 lebant,
671 474 928 527 certiores
971 474 1130 526 fimus
1167 491 1196 525 e
1236 473 1562 527 documento
1601 490 1633 525 a
1670 471 1953 525 nonnullis
1989 467 2253 537 Voorburgi

405 551 601 606 incolis
626 552 754 606 novi
783 551 853 608 V.
878 553 946 609 D.
971 553 1219 608 Ministri
1248 569 1441 615 causa,
1480 551 1727 606 civitatis
1754 545 2255 621 Delphensis--vici

406 630 656 686 dominae
694 630 792 686 illo
828 637 1070 702 tempore
1106 662 1179 672 —
1204 631 1559 701 Magistratui
1588 648 1733 685 anno
1761 632 1899 685 1665
1926 631 2180 688 exhibito,
2211 626 2255 679 in

404 728 513 782 quo
551 710 793 783 allegant
830 711 1155 774 nonnullos,
1187 713 1269 766 uti
1295 711 1585 766 Rotteveel
1626 715 1681 765 et
1716 713 1912 767 Daniel
1954 712 2187 781 Tydemaa
2212 722 2257 758 se

405 790 685 854 ministro,
725 808 883 861 quem
911 795 1138 862 optant,
1179 809 1484 862 opponere,
1520 795 1575 845 et
1605 791 1987 862 „Tydemanni
2012 787 2255 845 contuber-

407 870 617 935 nalem,
677 870 966 941 Spinozam
1023 871 1324 942 quendam.
1382 889 1414 926 a
1456 871 1687 928 Judaeis
1726 871 2043 942 parentibus
2078 873 2251 931 ortum,

406 950 696 1005 atheistam
751 949 862 1018 (uti
911 950 1136 1019 dicitur)
1177 951 1317 1005 etc-'⁹
1356 951 1689 1023 rogationem
1730 952 2123 1024 composuisse,
2178 963 2254 1020 qua
2358 965 2360 1036 ζ

407 1030 760 1085 candidatum
801 1047 960 1084 suum
999 1030 1345 1100 magistratui
1385 1031 1907 1086 commendaverunt
1930 1046 1975 1089 2.

476 1109 641 1164 Anno
679 1113 949 1174 exeunte,
989 1108 1237 1180 epistolis
1276 1109 1387 1164 suis
1424 1110 1861 1182 Blyenberghius
1888 1111 2164 1183 Spinozam
2180 1105 2251 1162 ad·

408 1206 625 1260 gressus
663 1192 775 1252 est,
816 1206 954 1260 quae
990 1188 1194 1242 Latine
1229 1205 1415 1242 versae
1452 1191 1511 1243 in
1548 1189 1874 1246 collectione
1914 1191 2089 1245 editae
2124 1191 2247 1247 sunt:

407 1286 591 1322 earum
647 1273 758 1322 tres
814 1267 1184 1338 autographae
1236 1273 1586 1322 conservatae
1626 1273 1785 1334 sunt,
1846 1288 1983 1342 quas
2020 1275 2183 1324 tamen
2208 1265 2247 1318 in

410 1347 666 1418 originali
703 1347 791 1402 hic
829 1347 1058 1411 addere,
1100 1348 1323 1401 omnino
1338 1364 1810 1418 supervacaneum
1838 1351 2071 1406 videtur.
2124 1350 2245 1404 Note-

411 1445 530 1482 mus
586 1432 800 1482 tantum
859 1426 1150 1482 secundam
1210 1427 1466 1494 (Bruderi
1517 1429 1849 1496 XXXIII-n)
1890 1429 2238 1501 inscriptionem

410 1508 577 1560 ferre:
644 1505 987 1575 ,‚Mijnheer,
1047 1505 1249 1560 D'heer
1302 1505 1635 1562 Benedictus
1674 1509 1741 1563 de
1783 1509 2069 1580 Spinosa‚·
2102 1505 2241 1578 oph·

411 1589 594 1656 lanqen
647 1587 935 1656 Βοοῃαενί,
999 1586 1200 1656 buyten
1256 1585 1616 1651 Schiedam''‚
1674 1588 1770 1642 ubi
1810 1606 1903 1660 per
1943 1583 2247 1643 hebdomades

412 1667 622 1738 aliquot
658 1665 1070 1738 philosophum,
1111 1665 1256 1736 apud
1296 1665 1497 1720 Vriesii
1538 1667 1623 1723 sui
1644 1665 2251 1723 Amstelodamensisfra·

412 1752 574 1811 trem,
620 1749 893 1801 versatum
932 1744 1098 1801 fuisse
1122 1788 1136 1809 ,
1175 1745 1309 1817 ipsis
1346 1763 1415 1801 ex.
1450 1746 1699 1817 epistolis
1736 1751 2017 1820 cognitum
2056 1752 2149 1803 est.

484 1829 696 1885 Ultima
779 1828 1043 1900 Spinozae
1117 1827 1185 1882 ad
1259 1827 1669 1882 Dordracenum
1744 1830 1975 1900 epistola
2047 1821 2251 1897 (Brnderi

413 1908 779 1976 XXXVIIIa)
819 1909 1010 1979 flagae
1047 1907 1322 1963 Comitum
1360 1907 1418 1962 in
1457 1906 1716 1963 Archivis
1742 1909 2117 1965 Neerlandicis
2138 1906 2251 1960 auw-

413 1988 618 2061 grapha
655 1992 864 2051 exstat3
908 2005 1077 2059 quae,
1119 1989 1320 2060 quippe
1349 1986 1510 2043 unica
1534 1986 1899 2044 Neerlandice
1926 2007 1958 2045 a
1986 1980 2253 2060 philosopho

414 2070 647 2139 scripta,
689 2067 780 2123 hic
816 2073 1106 2140 sequatur:

696 2210 966 2281 Mijnheer
1002 2227 1071 2264 en
1107 2207 1327 2264 vriendt

485 2299 634 2354 Toen
671 2298 726 2353 ik
767 2298 869 2353 ΠΕ
911 2298 1050 2353 brief
1081 2314 1186 2352 van
1225 2296 1330 2350 den
1359 2294 1425 2353 27
1452 2296 1637 2351 Maart
1662 2299 1903 2369 ontfing,
1944 2315 2053 2353 was
2078 2313 2139 2366 op
2160 2290 2259 2360 mijn

415 2377 630 2432 vertrek
674 2396 744 2432 na
782 2376 1159 2440 Amsterdam‚
1203 2394 1273 2430 en
1310 2374 1566 2430 derhalve
1604 2376 1662 2431 ik
1700 2378 1788 2431 die
1828 2394 1978 2432 maar
2014 2375 2125 2431 half
2146 2368 2261 2442 gele-

415 2473 515 2509 zen
553 2453 717 2525 thuys
754 2454 883 2519 liet,
924 2472 1012 2509 om
1049 2460 1212 2527 tegen
1254 2453 1380 2523 mijn
1419 2456 1782 2511 wederkomst
1807 2460 1865 2511 te
1890 2450 2258 2513 beantwoord80

416 2533 732 2598 denkende,
781 2535 876 2589 dat
913 2552 970 2589 se
1008 2536 1124 2591 niet
1159 2534 1359 2589 andere
1400 2534 1627 2605 begreep
1665 2534 1747 2589 als
1784 2534 1989 2606 dingen
2027 2525 2263 2602 noopende

416 2605 484 2658 de
522 2609 694 2659 eerste
735 2606 1048 2677 quaestiem
1108 2623 1257 2660 maar
1293 2604 1383 2659 die
1422 2606 1554 2660 daar
1594 2624 1664 2661 na
1702 2605 1956 2671 lesende,
2012 2604 2189 2661 bevont
2220 2613 2265 2651 ⁵0

477 2756 525 2812 1)
554 2753 742 2813 „Zijnde
771 2754 867 2801 hier
899 2755 1152 2816 wonachtig
1182 2756 1231 2803 in
1264 2757 1317 2803 de
1349 2757 1604 2814 Kerklaan,
1637 2762 1713 2803 ten
1747 2756 1886 2817 huyse
1918 2772 2004 2805 van
2036 2752 2181 2801 Daniel
2204 2749 2269 2807 Ts-

413 2825 594 2881 deman,
627 2829 817 2871 meester
848 2825 1070 2883 schilder,
1103 2826 1174 2873 die
1208 2827 1305 2873 hem
1340 2828 1679 2888 waarschijnlijk
1712 2827 1767 2874 de
1798 2833 1944 2874 eerste
1974 2822 2206 2879 aanleiding
2229 2830 2270 2861 en

413 2894 570 2940 kennis
601 2899 674 2939 tot
704 2894 758 2939 de
788 2896 1099 2943 Teekenkonst
1131 2912 1327 2957 gegeven
1360 2901 1525 2947 heeft.”

477 2966 527 3021 2)
559 2963 696 3009 Plura
725 2963 779 3010 de
811 2965 932 3013 hisce
963 2966 1062 3013 vide
1091 2966 1142 3014 in
1173 2983 1273 3014 meo
1306 2971 1487 3020 Bao-uolo
1502 2968 1805 3030 ‹PE-spinam,
1836 2983 1934 3030 cap.
1951 2967 2061 3017 VII.
2112 2956 2273 3021 R⁰ss⁸ti⁰

413 3034 511 3094 ipsa
540 3048 632 3079 non
663 3033 853 3094 amplius
883 3036 1024 3084 adest.
