2432 3554
1337 154 1474 228 218

466 312 771 369 intellectui
810 314 926 369 fieri
964 314 1154 377 debet;
1194 332 1318 370 cum
1357 314 1504 369 enim
1541 313 1682 369 illud
1717 314 1778 369 in
1815 314 1971 371 nobis
2011 314 2146 387 quod
2167 314 2303 371 Deum

473 412 798 465 cognoscere
838 394 1031 460 debet,
1089 394 1408 451 intellectus
1446 394 1551 457 sit,
1603 394 1699 465 qui
1735 399 1846 449 tam
1885 392 2180 449 immediate
2210 410 2303 449 cum

474 477 594 545 ipso
633 474 823 532 unitus
860 479 973 538 est,
1012 477 1077 528 ut
1112 475 1314 547 absque
1351 494 1416 531 eo
1453 492 1565 533 nec,
1591 477 1824 531 existere
1863 494 1964 532 nec
1995 474 2190 545 concipi
2213 490 2304 547 pos·

474 556 576 618 sit,
616 554 1058 611 indubitabiliter
1080 558 1259 624 patet,
1289 556 1495 611 nullam
1531 573 1645 611 rem
1671 560 1780 609 tam
1809 554 2024 627 proprie
2049 554 2302 611 intellectui

464 634 694 689 attribui
732 652 889 705 posse
927 650 1087 705 quam
1126 636 1306 691 Deum
1341 636 1546 707 ipsum,
1611 634 1740 707 quia
1776 634 1906 691 talis
1943 652 2030 689 res
2066 634 2204 691 nobis
2233 650 2301 686 no·

464 716 575 770 tior
608 732 725 770 esse
763 715 983 769 deberet
1018 732 1178 785 quam
1220 716 1334 785 ipse
1370 716 1550 777 Deus;
1593 716 1740 785 quod
1778 719 1964 786 aperte
2002 720 2194 787 pugnat
2213 730 2303 769 oum

464 794 716 849 omnibus
770 812 910 866 quae
966 793 1247 865 hucusque
1303 794 1448 849 clare
1503 796 1872 858 ostendimur„
1929 794 2102 849 Deum
2155 810 2304 865 nempe

464 890 683 929 causam
746 890 863 929 esse
916 876 973 927 et
1008 874 1340 945 cognitionis
1379 879 1595 929 nostrae
1631 882 1690 929 et
1724 875 1902 931 omnis
1939 876 2192 932 essentiae
2223 890 2304 927 om·

464 955 617 1008 nium
672 970 849 1007 rerum
908 951 1354 1023 particularium,
1411 971 1640 1027 quarum
1697 954 1851 1009 nulla
1898 952 2102 1027 absque
2134 972 2190 1009 eo
2221 970 2302 1007 non

464 1033 643 1087 solum
698 1033 931 1089 existere
986 1033 1081 1087 sed
1138 1052 1207 1087 ne
1243 1033 1460 1103 concipi
1501 1034 1720 1107 quidem
1759 1038 1960 1105 potest.
2037 1032 2178 1096 Imo,
2228 1031 2304 1085 etsi

466 1130 555 1167 res
600 1112 863 1185 quaedam
909 1113 1064 1167 finita
1106 1118 1163 1169 et
1207 1114 1570 1169 determinata
1605 1112 1722 1167 Deo
1761 1115 1944 1169 notior
1981 1112 2134 1169 nobis
2167 1115 2304 1173 esset,

466 1210 530 1247 ea
586 1197 769 1248 tamen
826 1211 1102 1265 nunquam
1148 1194 1219 1248 ad
1276 1194 1378 1249 Dei
1435 1193 1803 1265 cognitionem
1851 1194 2131 1267 pervenire
2161 1208 2304 1265 posse·

465 1289 617 1334 mus:
658 1274 928 1345 quomodo
965 1274 1109 1327 enim
1146 1274 1263 1329 fieri
1301 1276 1514 1345 posset,
1557 1276 1622 1326 ut
1657 1292 1688 1327 e
1726 1290 1784 1327 re
1804 1274 1964 1328 finita
1985 1273 2057 1329 ad
2083 1272 2305 1329 infinitam

462 1357 519 1406 et
555 1348 1027 1409 indeterminatam
1067 1353 1500 1409 concludamus?
1547 1353 1650 1408 etsi
1689 1352 1832 1407 enim
1872 1350 2140 1425 quandam
2173 1350 2305 1407 actio·

466 1448 589 1486 nem
626 1432 715 1487 vel
742 1434 993 1490 effectum
1018 1432 1290 1505 quendam
1316 1433 1374 1487 in
1401 1436 1594 1487 nature
1620 1431 1927 1488 videremus
1950 1475 1964 1493 .
2010 1428 2162 1505 cujus
2185 1430 2304 1487 nobis

460 1528 625 1568 cansa
663 1513 944 1585 incognita
981 1517 1133 1577 erat,
1185 1513 1524 1584 impossibile
1560 1518 1746 1569 tamen
1783 1518 1928 1569 esset
1965 1519 2030 1569 ut
2066 1511 2305 1569 indeeon·

458 1591 832 1657 cluderemus,
874 1593 943 1647 ad
978 1592 1119 1649 illud
1162 1592 1566 1663 producendum
1605 1610 1662 1647 re
1700 1592 1916 1649 infinita
1953 1598 2010 1649 et
2037 1590 2304 1650 indetermi-

460 1677 591 1728 nata
628 1691 765 1745 opus
802 1692 937 1730 esse.
998 1675 1296 1736 Quomodo
1331 1676 1476 1729 enim
1516 1690 1740 1729 noscere
1764 1691 2082 1745 possumus.
2120 1689 2233 1729 num
2253 1669 2302 1724 ad

460 1754 601 1809 illud
658 1754 1067 1826 producendum
1122 1754 1308 1826 plures
1363 1770 1558 1810 causae
1613 1771 1684 1808 an
1741 1772 1853 1810 una
1888 1754 2152 1827 sufficeret
2183 1748 2300 1807 sols?

458 1835 733 1894 Quisnam
772 1835 929 1891 nobis
966 1835 1149 1892 dicet?
1188 1835 1279 1890 Ita
1317 1840 1380 1890 ut
1403 1834 1637 1906 denique
1663 1833 2086 1898 concludamus,
2123 1835 2299 1890 Deum.

464 1925 529 1970 ut
584 1916 895 1972 hominibus
950 1936 1007 1973 se
1062 1935 1388 1989 cognoscere
1445 1915 1640 1978 faciat,
1702 1932 1878 1986 neque
1923 1916 2129 1977 verbis,
2164 1925 2301 1982 neque

464 1996 774 2062 miraculis,
822 2015 997 2068 neque
1034 1998 1145 2053 alia
1182 2015 1240 2055 re
1276 2005 1490 2060 ereata,
1531 1999 1588 2049 et
1625 2010 1735 2050 non
1773 1995 1882 2050 nisi
1921 2012 1978 2050 se
2015 1995 2130 2065 ipso
2163 2005 2302 2046 neces·

456 2075 605 2130 cario
642 2077 732 2130 uti
774 2094 931 2146 posse
964 2076 1051 2131 vel
1090 2077 1302 2134 debere.
