<?xml version="1.0" encoding="UTF-8"?>
<!DOCTYPE html PUBLIC "-//W3C//DTD XHTML 1.0 Transitional//EN"
    "http://www.w3.org/TR/xhtml1/DTD/xhtml1-transitional.dtd">
<html xmlns="http://www.w3.org/1999/xhtml" xml:lang="en" lang="en">
 <head>
  <title>
</title>
<meta http-equiv="Content-Type" content="text/html;charset=utf-8" />
  <meta name='ocr-system' content='tesseract 3.04.00' />
  <meta name='ocr-capabilities' content='ocr_page ocr_carea ocr_par ocr_line ocrx_word'/>
</head>
<body>
  <div class='ocr_page' id='page_1' title='image "benedictidespin00vlotgoog_0276.png"; bbox 0 0 2432 3554; ppageno 0'>
   <div class='ocr_carea' id='block_1_1' title="bbox 1310 159 1428 219">
    <p class='ocr_par' dir='ltr' id='par_1_1' title="bbox 1310 159 1428 219">
     <span class='ocr_line' id='line_1_1' title="bbox 1310 159 1428 219; baseline 0.051 -5"><span class='ocrx_word' id='word_1_1' title='bbox 1310 159 1428 219; x_wconf 84' lang='lat'><strong>260</strong></span> 
     </span>
    </p>
   </div>
   <div class='ocr_carea' id='block_1_2' title="bbox 417 320 2369 2467">
    <p class='ocr_par' dir='ltr' id='par_1_2' title="bbox 417 320 2369 2467">
     <span class='ocr_line' id='line_1_2' title="bbox 423 320 2270 391; baseline -0.001 -15"><span class='ocrx_word' id='word_1_2' title='bbox 423 321 531 376; x_wconf 77' lang='lat' dir='ltr'><strong>sari</strong></span> <span class='ocrx_word' id='word_1_3' title='bbox 564 320 853 391; x_wconf 83' lang='lat' dir='ltr'><strong>judicatur</strong></span> <span class='ocrx_word' id='word_1_4' title='bbox 880 320 969 391; x_wconf 74' lang='lat'><strong>(*)</strong></span> <span class='ocrx_word' id='word_1_5' title='bbox 1005 338 1101 391; x_wconf 87' lang='lat' dir='ltr'><strong>per</strong></span> <span class='ocrx_word' id='word_1_6' title='bbox 1137 320 1522 377; x_wconf 83' lang='lat' dir='ltr'><strong>refractionem</strong></span> <span class='ocrx_word' id='word_1_7' title='bbox 1559 324 1615 375; x_wconf 89' lang='lat' dir='ltr'><strong>et</strong></span> <span class='ocrx_word' id='word_1_8' title='bbox 1654 321 2022 379; x_wconf 76' lang='lat' dir='ltr'><strong>reflectionem</strong></span> <span class='ocrx_word' id='word_1_9' title='bbox 2045 320 2270 377; x_wconf 84' lang='lat' dir='ltr'><strong>radiorum</strong></span> 
     </span>
     <span class='ocr_line' id='line_1_3' title="bbox 420 400 2272 475; baseline 0 -20"><span class='ocrx_word' id='word_1_10' title='bbox 420 400 579 463; x_wconf 79' lang='lat' dir='ltr'><strong>solie,</strong></span> <span class='ocrx_word' id='word_1_11' title='bbox 642 400 702 459; x_wconf 92' lang='lat' dir='ltr'><strong>in</strong></span> <span class='ocrx_word' id='word_1_12' title='bbox 758 400 1209 455; x_wconf 77' lang='lat' dir='ltr'><strong>innumerabilem</strong></span> <span class='ocrx_word' id='word_1_13' title='bbox 1271 401 1634 457; x_wconf 81' lang='lat' dir='ltr'><strong>incidentium</strong></span> <span class='ocrx_word' id='word_1_14' title='bbox 1683 400 2092 457; x_wconf 78' lang='lat' dir='ltr'><strong>multitudinem</strong></span> <span class='ocrx_word' id='word_1_15' title='bbox 2121 406 2272 475; x_wconf 84' lang='lat' dir='ltr'><strong>guttu-</strong></span> 
     </span>
     <span class='ocr_line' id='line_1_4' title="bbox 426 479 2270 553; baseline 0 -20"><span class='ocrx_word' id='word_1_16' title='bbox 426 480 601 535; x_wconf 81' lang='lat' dir='ltr'><strong>larum</strong></span> <span class='ocrx_word' id='word_1_17' title='bbox 662 497 872 553; x_wconf 90' lang='lat' dir='ltr'><strong>aquae‚</strong></span> <span class='ocrx_word' id='word_1_18' title='bbox 926 479 1226 551; x_wconf 79' lang='lat' dir='ltr'><strong>juvenibus</strong></span> <span class='ocrx_word' id='word_1_19' title='bbox 1281 480 1596 537; x_wconf 84' lang='lat' dir='ltr'><strong>Matheseos</strong></span> <span class='ocrx_word' id='word_1_20' title='bbox 1641 480 1979 536; x_wconf 79' lang='lat' dir='ltr'><strong>amatoribus</strong></span> <span class='ocrx_word' id='word_1_21' title='bbox 2015 498 2097 536; x_wconf 88' lang='lat' dir='ltr'><strong>res</strong></span> <span class='ocrx_word' id='word_1_22' title='bbox 2127 480 2270 534; x_wconf 85' lang='lat' dir='ltr'><strong>admo·</strong></span> 
     </span>
     <span class='ocr_line' id='line_1_5' title="bbox 420 559 2273 630; baseline 0 -17"><span class='ocrx_word' id='word_1_23' title='bbox 420 559 551 613; x_wconf 91' lang='lat' dir='ltr'><strong>dum</strong></span> <span class='ocrx_word' id='word_1_24' title='bbox 602 559 1073 615; x_wconf 85' lang='lat' dir='ltr'><strong>animadversione</strong></span> <span class='ocrx_word' id='word_1_25' title='bbox 1110 560 1280 630; x_wconf 85' lang='lat' dir='ltr'><strong>digna</strong></span> <span class='ocrx_word' id='word_1_26' title='bbox 1316 563 1432 625; x_wconf 83' lang='lat' dir='ltr'><strong>est,</strong></span> <span class='ocrx_word' id='word_1_27' title='bbox 1491 576 1746 630; x_wconf 88' lang='lat' dir='ltr'><strong>magnum</strong></span> <span class='ocrx_word' id='word_1_28' title='bbox 1785 575 1980 616; x_wconf 88' lang='lat' dir='ltr'><strong>eorum</strong></span> <span class='ocrx_word' id='word_1_29' title='bbox 2015 566 2273 615; x_wconf 79' lang='lat' dir='ltr'><strong>antecesso-</strong></span> 
     </span>
     <span class='ocr_line' id='line_1_6' title="bbox 422 638 2273 702; baseline 0.001 -10"><span class='ocrx_word' id='word_1_30' title='bbox 422 656 565 700; x_wconf 86' lang='lat' dir='ltr'><strong>rem,</strong></span> <span class='ocrx_word' id='word_1_31' title='bbox 627 639 967 702; x_wconf 84' lang='lat' dir='ltr'><strong>Cartesium,</strong></span> <span class='ocrx_word' id='word_1_32' title='bbox 1027 657 1136 693; x_wconf 89' lang='lat' dir='ltr'><strong>non</strong></span> <span class='ocrx_word' id='word_1_33' title='bbox 1192 638 1372 693; x_wconf 88' lang='lat' dir='ltr'><strong>solum</strong></span> <span class='ocrx_word' id='word_1_34' title='bbox 1427 640 1800 696; x_wconf 83' lang='lat' dir='ltr'><strong>demonstrare</strong></span> <span class='ocrx_word' id='word_1_35' title='bbox 1856 639 2061 695; x_wconf 88' lang='lat' dir='ltr'><strong>Iridem</strong></span> <span class='ocrx_word' id='word_1_36' title='bbox 2095 640 2273 696; x_wconf 80' lang='lat' dir='ltr'><strong>inferio·</strong></span> 
     </span>
     <span class='ocr_line' id='line_1_7' title="bbox 421 719 2274 791; baseline 0 -18"><span class='ocrx_word' id='word_1_37' title='bbox 421 734 534 773; x_wconf 82' lang='lat' dir='ltr'><strong>rem</strong></span> <span class='ocrx_word' id='word_1_38' title='bbox 590 719 1055 791; x_wconf 81' lang='lat' dir='ltr'><strong>principalemque</strong></span> <span class='ocrx_word' id='word_1_39' title='bbox 1112 738 1207 791; x_wconf 90' lang='lat' dir='ltr'><strong>per</strong></span> <span class='ocrx_word' id='word_1_40' title='bbox 1263 720 1400 774; x_wconf 85' lang='lat' dir='ltr'><strong>duas</strong></span> <span class='ocrx_word' id='word_1_41' title='bbox 1443 719 1618 775; x_wconf 88' lang='lat' dir='ltr'><strong>videri</strong></span> <span class='ocrx_word' id='word_1_42' title='bbox 1655 719 2012 775; x_wconf 82' lang='lat' dir='ltr'><strong>refractiones</strong></span> <span class='ocrx_word' id='word_1_43' title='bbox 2050 736 2274 791; x_wconf 84' lang='lat' dir='ltr'><strong>unamque</strong></span> 
     </span>
     <span class='ocr_line' id='line_1_8' title="bbox 422 797 2275 870; baseline 0.001 -18"><span class='ocrx_word' id='word_1_44' title='bbox 422 797 823 863; x_wconf 83' lang='lat' dir='ltr'><strong>reflectionem,</strong></span> <span class='ocrx_word' id='word_1_45' title='bbox 864 800 1197 869; x_wconf 72' lang='lat' dir='ltr'><strong>superiorem</strong></span> <span class='ocrx_word' id='word_1_46' title='bbox 1235 803 1418 855; x_wconf 88' lang='lat' dir='ltr'><strong>autem</strong></span> <span class='ocrx_word' id='word_1_47' title='bbox 1457 818 1552 870; x_wconf 86' lang='lat' dir='ltr'><strong>per</strong></span> <span class='ocrx_word' id='word_1_48' title='bbox 1587 799 1724 855; x_wconf 86' lang='lat' dir='ltr'><strong>duas</strong></span> <span class='ocrx_word' id='word_1_49' title='bbox 1762 800 2114 857; x_wconf 80' lang='lat' dir='ltr'><strong>refractiones</strong></span> <span class='ocrx_word' id='word_1_50' title='bbox 2145 804 2191 854; x_wconf 87' lang='lat' dir='ltr'><strong>et</strong></span> <span class='ocrx_word' id='word_1_51' title='bbox 2212 818 2275 853; x_wconf 88' lang='lat' dir='ltr'><strong>re·</strong></span> 
     </span>
     <span class='ocr_line' id='line_1_9' title="bbox 421 879 2274 953; baseline 0.001 -20"><span class='ocrx_word' id='word_1_52' title='bbox 421 879 703 934; x_wconf 81' lang='lat' dir='ltr'><strong>flectiones</strong></span> <span class='ocrx_word' id='word_1_53' title='bbox 739 880 907 943; x_wconf 78' lang='lat' dir='ltr'><strong>duae,</strong></span> <span class='ocrx_word' id='word_1_54' title='bbox 950 898 1119 953; x_wconf 88' lang='lat' dir='ltr'><strong>eoque</strong></span> <span class='ocrx_word' id='word_1_55' title='bbox 1158 900 1214 937; x_wconf 86' lang='lat' dir='ltr'><strong>se</strong></span> <span class='ocrx_word' id='word_1_56' title='bbox 1241 883 1418 953; x_wconf 89' lang='lat' dir='ltr'><strong>priore</strong></span> <span class='ocrx_word' id='word_1_57' title='bbox 1445 879 1532 935; x_wconf 83' lang='lat' dir='ltr'><strong>vel</strong></span> <span class='ocrx_word' id='word_1_58' title='bbox 1558 882 1848 953; x_wconf 87' lang='lat' dir='ltr'><strong>principali</strong></span> <span class='ocrx_word' id='word_1_59' title='bbox 1875 882 2056 937; x_wconf 90' lang='lat' dir='ltr'><strong>minus</strong></span> <span class='ocrx_word' id='word_1_60' title='bbox 2080 880 2274 937; x_wconf 82' lang='lat' dir='ltr'><strong>lucidam</strong></span> 
     </span>
     <span class='ocr_line' id='line_1_10' title="bbox 420 958 2274 1033; baseline 0.001 -20"><span class='ocrx_word' id='word_1_61' title='bbox 420 958 705 1023; x_wconf 85' lang='lat' dir='ltr'><strong>exhibere;</strong></span> <span class='ocrx_word' id='word_1_62' title='bbox 765 978 995 1032; x_wconf 90' lang='lat' dir='ltr'><strong>eumque</strong></span> <span class='ocrx_word' id='word_1_63' title='bbox 1050 965 1329 1031; x_wconf 85' lang='lat' dir='ltr'><strong>praeterea</strong></span> <span class='ocrx_word' id='word_1_64' title='bbox 1385 963 1792 1033; x_wconf 86' lang='lat' dir='ltr'><strong>computatione</strong></span> <span class='ocrx_word' id='word_1_65' title='bbox 1846 964 2188 1019; x_wconf 83' lang='lat' dir='ltr'><strong>determinare</strong></span> <span class='ocrx_word' id='word_1_66' title='bbox 2229 966 2274 1016; x_wconf 83' lang='lat' dir='ltr'><strong>et</strong></span> 
     </span>
     <span class='ocr_line' id='line_1_11' title="bbox 420 1039 2276 1115; baseline 0.001 -22"><span class='ocrx_word' id='word_1_67' title='bbox 420 1040 725 1095; x_wconf 86' lang='lat' dir='ltr'><strong>rationibus</strong></span> <span class='ocrx_word' id='word_1_68' title='bbox 780 1039 1177 1100; x_wconf 81' lang='lat' dir='ltr'><strong>demonstrare.</strong></span> <span class='ocrx_word' id='word_1_69' title='bbox 1242 1041 1504 1113; x_wconf 84' lang='lat' dir='ltr'><strong>angulum</strong></span> <span class='ocrx_word' id='word_1_70' title='bbox 1561 1042 1890 1105; x_wconf 83' lang='lat' dir='ltr'><strong>maximum,</strong></span> <span class='ocrx_word' id='word_1_71' title='bbox 1949 1060 2058 1115; x_wconf 88' lang='lat' dir='ltr'><strong>quo</strong></span> <span class='ocrx_word' id='word_1_72' title='bbox 2093 1042 2276 1097; x_wconf 81' lang='lat' dir='ltr'><strong>inferior</strong></span> 
     </span>
     <span class='ocr_line' id='line_1_12' title="bbox 417 1119 2270 1192; baseline -0.001 -17"><span class='ocrx_word' id='word_1_73' title='bbox 417 1119 525 1175; x_wconf 87' lang='lat' dir='ltr'><strong>Iris</strong></span> <span class='ocrx_word' id='word_1_74' title='bbox 562 1119 839 1175; x_wconf 84' lang='lat' dir='ltr'><strong>observari</strong></span> <span class='ocrx_word' id='word_1_75' title='bbox 877 1125 1081 1191; x_wconf 82' lang='lat' dir='ltr'><strong>potest,</strong></span> <span class='ocrx_word' id='word_1_76' title='bbox 1121 1121 1210 1175; x_wconf 87' lang='lat' dir='ltr'><strong>vel</strong></span> <span class='ocrx_word' id='word_1_77' title='bbox 1249 1121 1536 1176; x_wconf 89' lang='lat' dir='ltr'><strong>dimidium</strong></span> <span class='ocrx_word' id='word_1_78' title='bbox 1573 1120 1692 1192; x_wconf 83' lang='lat' dir='ltr'><strong>ejus</strong></span> <span class='ocrx_word' id='word_1_79' title='bbox 1728 1121 1982 1177; x_wconf 81' lang='lat' dir='ltr'><strong>diametri</strong></span> <span class='ocrx_word' id='word_1_80' title='bbox 2012 1139 2116 1177; x_wconf 87' lang='lat' dir='ltr'><strong>non</strong></span> <span class='ocrx_word' id='word_1_81' title='bbox 2139 1122 2270 1177; x_wconf 86' lang='lat' dir='ltr'><strong>mino·</strong></span> 
     </span>
     <span class='ocr_line' id='line_1_13' title="bbox 418 1200 2367 1271; baseline 0.001 -18"><span class='ocrx_word' id='word_1_82' title='bbox 418 1217 531 1253; x_wconf 91' lang='lat' dir='ltr'><strong>rem</strong></span> <span class='ocrx_word' id='word_1_83' title='bbox 568 1216 686 1253; x_wconf 88' lang='lat' dir='ltr'><strong>esse</strong></span> <span class='ocrx_word' id='word_1_84' title='bbox 723 1216 879 1270; x_wconf 81' lang='lat' dir='ltr'><strong>posse</strong></span> <span class='ocrx_word' id='word_1_85' title='bbox 918 1217 1079 1271; x_wconf 87' lang='lat' dir='ltr'><strong>quam</strong></span> <span class='ocrx_word' id='word_1_86' title='bbox 1115 1202 1227 1255; x_wconf 82' lang='lat'><strong>41⁰</strong></span> <span class='ocrx_word' id='word_1_87' title='bbox 1261 1200 1376 1264; x_wconf 81' lang='lat'>47¹,</span> <span class='ocrx_word' id='word_1_88' title='bbox 1438 1205 1494 1255; x_wconf 90' lang='lat' dir='ltr'><strong>et</strong></span> <span class='ocrx_word' id='word_1_89' title='bbox 1529 1200 1794 1271; x_wconf 86' lang='lat' dir='ltr'><strong>angulum</strong></span> <span class='ocrx_word' id='word_1_90' title='bbox 1834 1202 2144 1266; x_wconf 86' lang='lat' dir='ltr'><strong>minimum,</strong></span> <span class='ocrx_word' id='word_1_91' title='bbox 2192 1216 2276 1271; x_wconf 81' lang='lat' dir='ltr'><strong>que</strong></span> <span class='ocrx_word' id='word_1_92' title='bbox 2365 1232 2367 1241; x_wconf 64' lang='lat'>,</span> 
     </span>
     <span class='ocr_line' id='line_1_14' title="bbox 423 1278 2272 1353; baseline 0.001 -21"><span class='ocrx_word' id='word_1_93' title='bbox 423 1278 670 1349; x_wconf 84' lang='lat' dir='ltr'><strong>superior</strong></span> <span class='ocrx_word' id='word_1_94' title='bbox 723 1278 831 1333; x_wconf 82' lang='lat' dir='ltr'><strong>Iris</strong></span> <span class='ocrx_word' id='word_1_95' title='bbox 886 1280 1167 1335; x_wconf 85' lang='lat' dir='ltr'><strong>observari</strong></span> <span class='ocrx_word' id='word_1_96' title='bbox 1204 1283 1386 1350; x_wconf 88' lang='lat' dir='ltr'><strong>potest</strong></span> <span class='ocrx_word' id='word_1_97' title='bbox 1421 1280 1539 1335; x_wconf 84' lang='lat' dir='ltr'><strong>sive</strong></span> <span class='ocrx_word' id='word_1_98' title='bbox 1575 1279 1830 1336; x_wconf 86' lang='lat' dir='ltr'><strong>diametri</strong></span> <span class='ocrx_word' id='word_1_99' title='bbox 1868 1281 1991 1353; x_wconf 83' lang='lat' dir='ltr'><strong>ejus</strong></span> <span class='ocrx_word' id='word_1_100' title='bbox 2028 1281 2272 1337; x_wconf 85' lang='lat' dir='ltr'><strong>dimidium</strong></span> 
     </span>
     <span class='ocr_line' id='line_1_15' title="bbox 419 1358 2268 1431; baseline 0.001 -18"><span class='ocrx_word' id='word_1_101' title='bbox 419 1374 531 1413; x_wconf 90' lang='lat' dir='ltr'><strong>non</strong></span> <span class='ocrx_word' id='word_1_102' title='bbox 570 1358 830 1413; x_wconf 89' lang='lat' dir='ltr'><strong>minorem</strong></span> <span class='ocrx_word' id='word_1_103' title='bbox 867 1376 1028 1431; x_wconf 88' lang='lat' dir='ltr'><strong>quam</strong></span> <span class='ocrx_word' id='word_1_104' title='bbox 1068 1360 1178 1413; x_wconf 76' lang='grc' dir='ltr'><strong>51ο</strong></span> <span class='ocrx_word' id='word_1_105' title='bbox 1219 1358 1332 1417; x_wconf 78' lang='grc'><strong><em>37’.</em></strong></span> <span class='ocrx_word' id='word_1_106' title='bbox 1371 1358 1452 1413; x_wconf 88' lang='lat' dir='ltr'><strong>Ut</strong></span> <span class='ocrx_word' id='word_1_107' title='bbox 1472 1376 1601 1414; x_wconf 85' lang='lat' dir='ltr'><strong>vero</strong></span> <span class='ocrx_word' id='word_1_108' title='bbox 1624 1378 1946 1431; x_wconf 71' lang='lat' dir='ltr'><strong>pergamuS,</strong></span> <span class='ocrx_word' id='word_1_109' title='bbox 1988 1379 2072 1415; x_wconf 90' lang='lat' dir='ltr'><strong>me</strong></span> <span class='ocrx_word' id='word_1_110' title='bbox 2087 1360 2268 1431; x_wconf 71' lang='lat' dir='ltr'><strong>judice,</strong></span> 
     </span>
     <span class='ocr_line' id='line_1_16' title="bbox 419 1437 2272 1509; baseline 0 -18"><span class='ocrx_word' id='word_1_111' title='bbox 419 1442 675 1509; x_wconf 78' lang='lat' dir='ltr'><strong>pergrata</strong></span> <span class='ocrx_word' id='word_1_112' title='bbox 699 1437 944 1493; x_wconf 88' lang='lat' dir='ltr'><strong>inventio</strong></span> <span class='ocrx_word' id='word_1_113' title='bbox 970 1441 1081 1498; x_wconf 82' lang='lat' dir='ltr'><strong>est,</strong></span> <span class='ocrx_word' id='word_1_114' title='bbox 1120 1455 1283 1509; x_wconf 88' lang='lat' dir='ltr'><strong>quam</strong></span> <span class='ocrx_word' id='word_1_115' title='bbox 1308 1438 1374 1491; x_wconf 91' lang='lat' dir='ltr'><strong>de</strong></span> <span class='ocrx_word' id='word_1_116' title='bbox 1401 1438 1566 1494; x_wconf 89' lang='lat' dir='ltr'><strong>rubro</strong></span> <span class='ocrx_word' id='word_1_117' title='bbox 1582 1480 1598 1503; x_wconf 93' lang='lat'><em>‚</em></span> <span class='ocrx_word' id='word_1_118' title='bbox 1637 1439 1780 1495; x_wconf 84' lang='lat' dir='ltr'><strong>flavo</strong></span> <span class='ocrx_word' id='word_1_119' title='bbox 1797 1482 1811 1503; x_wconf 92' lang='lat'>,</span> <span class='ocrx_word' id='word_1_120' title='bbox 1852 1440 2046 1503; x_wconf 83' lang='lat' dir='ltr'><strong>viridi,</strong></span> <span class='ocrx_word' id='word_1_121' title='bbox 2069 1438 2272 1495; x_wconf 75' lang='lat' dir='ltr'><strong>caeruleo</strong></span> 
     </span>
     <span class='ocr_line' id='line_1_17' title="bbox 422 1515 2275 1591; baseline -0.001 -21"><span class='ocrx_word' id='word_1_122' title='bbox 422 1516 542 1571; x_wconf 79' lang='lat' dir='ltr'><strong>sim.</strong></span> <span class='ocrx_word' id='word_1_123' title='bbox 580 1515 747 1571; x_wconf 81' lang='lat' dir='ltr'><strong>Iridis</strong></span> <span class='ocrx_word' id='word_1_124' title='bbox 770 1516 1045 1571; x_wconf 77' lang='lat' dir='ltr'><strong>coloribus</strong></span> <span class='ocrx_word' id='word_1_125' title='bbox 1068 1518 1300 1589; x_wconf 81' lang='lat' dir='ltr'><strong>profert.</strong></span> <span class='ocrx_word' id='word_1_126' title='bbox 1335 1533 1443 1589; x_wconf 88' lang='lat' dir='ltr'><strong>qua</strong></span> <span class='ocrx_word' id='word_1_127' title='bbox 1469 1518 1786 1591; x_wconf 81' lang='lat' dir='ltr'><strong>praesertim</strong></span> <span class='ocrx_word' id='word_1_128' title='bbox 1805 1518 2140 1591; x_wconf 82' lang='lat' dir='ltr'><strong>ingeniosam</strong></span> <span class='ocrx_word' id='word_1_129' title='bbox 2157 1533 2275 1572; x_wconf 83' lang='lat' dir='ltr'><strong>suam</strong></span> 
     </span>
     <span class='ocr_line' id='line_1_18' title="bbox 425 1595 2279 1667; baseline -0.001 -16"><span class='ocrx_word' id='word_1_130' title='bbox 425 1599 661 1651; x_wconf 86' lang='lat' dir='ltr'><strong>mentem</strong></span> <span class='ocrx_word' id='word_1_131' title='bbox 701 1596 1043 1661; x_wconf 80' lang='lat' dir='ltr'><strong>manifestat,</strong></span> <span class='ocrx_word' id='word_1_132' title='bbox 1104 1597 1344 1653; x_wconf 83' lang='lat' dir='ltr'><strong>rationes</strong></span> <span class='ocrx_word' id='word_1_133' title='bbox 1390 1597 1649 1661; x_wconf 77' lang='lat' dir='ltr'><strong>afferens,</strong></span> <span class='ocrx_word' id='word_1_134' title='bbox 1707 1615 1807 1653; x_wconf 87' lang='lat' dir='ltr'><strong>cur</strong></span> <span class='ocrx_word' id='word_1_135' title='bbox 1843 1597 2066 1653; x_wconf 85' lang='lat' dir='ltr'><strong>rubrum</strong></span> <span class='ocrx_word' id='word_1_136' title='bbox 2102 1595 2279 1667; x_wconf 82' lang='lat' dir='ltr'><strong>conspi-</strong></span> 
     </span>
     <span class='ocr_line' id='line_1_19' title="bbox 422 1675 2280 1748; baseline -0.002 -17"><span class='ocrx_word' id='word_1_137' title='bbox 422 1675 602 1731; x_wconf 80' lang='lat' dir='ltr'><strong>ciatur</strong></span> <span class='ocrx_word' id='word_1_138' title='bbox 656 1694 687 1729; x_wconf 87' lang='lat' dir='ltr'><strong>a</strong></span> <span class='ocrx_word' id='word_1_139' title='bbox 742 1682 895 1748; x_wconf 87' lang='lat' dir='ltr'><strong>parte</strong></span> <span class='ocrx_word' id='word_1_140' title='bbox 952 1694 1197 1732; x_wconf 78' lang='lat' dir='ltr'><strong>convexa</strong></span> <span class='ocrx_word' id='word_1_141' title='bbox 1251 1678 1367 1731; x_wconf 82' lang='lat' dir='ltr'><strong>sive</strong></span> <span class='ocrx_word' id='word_1_142' title='bbox 1419 1677 1684 1732; x_wconf 82' lang='lat' dir='ltr'><strong>exteriore</strong></span> <span class='ocrx_word' id='word_1_143' title='bbox 1721 1676 1890 1733; x_wconf 86' lang='lat' dir='ltr'><strong>Iridis</strong></span> <span class='ocrx_word' id='word_1_144' title='bbox 1925 1675 2210 1739; x_wconf 75' lang='lat' dir='ltr'><strong>inferioriS,</strong></span> <span class='ocrx_word' id='word_1_145' title='bbox 2251 1690 2280 1727; x_wconf 75' lang='lat' dir='ltr'><strong>a</strong></span> 
     </span>
     <span class='ocr_line' id='line_1_20' title="bbox 423 1753 2281 1829; baseline 0 -19"><span class='ocrx_word' id='word_1_146' title='bbox 423 1759 578 1826; x_wconf 86' lang='lat' dir='ltr'><strong>parte</strong></span> <span class='ocrx_word' id='word_1_147' title='bbox 633 1772 761 1812; x_wconf 87' lang='lat' dir='ltr'><strong>vero</strong></span> <span class='ocrx_word' id='word_1_148' title='bbox 815 1773 1055 1812; x_wconf 79' lang='lat' dir='ltr'><strong>concava</strong></span> <span class='ocrx_word' id='word_1_149' title='bbox 1104 1756 1221 1813; x_wconf 80' lang='lat' dir='ltr'><strong>sive</strong></span> <span class='ocrx_word' id='word_1_150' title='bbox 1257 1756 1516 1813; x_wconf 85' lang='lat' dir='ltr'><strong>interiore</strong></span> <span class='ocrx_word' id='word_1_151' title='bbox 1553 1756 1882 1829; x_wconf 72' lang='lat' dir='ltr'><strong>superioris:</strong></span> <span class='ocrx_word' id='word_1_152' title='bbox 1941 1755 2146 1814; x_wconf 77' lang='lat' dir='ltr'><strong>seilicet</strong></span> <span class='ocrx_word' id='word_1_153' title='bbox 2177 1753 2281 1828; x_wconf 73' lang='lat' dir='ltr'><strong>quia</strong></span> 
     </span>
     <span class='ocr_line' id='line_1_21' title="bbox 422 1834 2276 1908; baseline -0.001 -18"><span class='ocrx_word' id='word_1_154' title='bbox 422 1835 482 1890; x_wconf 90' lang='lat' dir='ltr'><strong>in</strong></span> <span class='ocrx_word' id='word_1_155' title='bbox 520 1834 667 1908; x_wconf 83' lang='lat' dir='ltr'><strong>leges</strong></span> <span class='ocrx_word' id='word_1_156' title='bbox 705 1835 927 1892; x_wconf 87' lang='lat' dir='ltr'><strong>umbrae</strong></span> <span class='ocrx_word' id='word_1_157' title='bbox 964 1836 1211 1908; x_wconf 80' lang='lat' dir='ltr'><strong>lucisque</strong></span> <span class='ocrx_word' id='word_1_158' title='bbox 1249 1836 1532 1908; x_wconf 86' lang='lat' dir='ltr'><strong>inquirens</strong></span> <span class='ocrx_word' id='word_1_159' title='bbox 1567 1838 1908 1893; x_wconf 74' lang='lat' dir='ltr'><strong>demonstrat</strong></span> <span class='ocrx_word' id='word_1_160' title='bbox 1940 1844 2178 1894; x_wconf 79' lang='lat' dir='ltr'><strong>centrum</strong></span> <span class='ocrx_word' id='word_1_161' title='bbox 2205 1852 2276 1890; x_wconf 85' lang='lat' dir='ltr'><strong>eu-</strong></span> 
     </span>
     <span class='ocr_line' id='line_1_22' title="bbox 417 1914 2278 1988; baseline -0.002 -19"><span class='ocrx_word' id='word_1_162' title='bbox 417 1915 619 1988; x_wconf 80' lang='lat' dir='ltr'><strong>jusque</strong></span> <span class='ocrx_word' id='word_1_163' title='bbox 656 1933 829 1988; x_wconf 86' lang='lat' dir='ltr'><strong>aquae</strong></span> <span class='ocrx_word' id='word_1_164' title='bbox 866 1915 1147 1988; x_wconf 88' lang='lat' dir='ltr'><strong>guttulae,</strong></span> <span class='ocrx_word' id='word_1_165' title='bbox 1201 1915 1298 1971; x_wconf 88' lang='lat' dir='ltr'><strong>ubi</strong></span> <span class='ocrx_word' id='word_1_166' title='bbox 1338 1917 1571 1972; x_wconf 87' lang='lat' dir='ltr'><strong>maxima</strong></span> <span class='ocrx_word' id='word_1_167' title='bbox 1606 1917 1770 1971; x_wconf 89' lang='lat' dir='ltr'><strong>datur</strong></span> <span class='ocrx_word' id='word_1_168' title='bbox 1806 1915 2000 1972; x_wconf 88' lang='lat' dir='ltr'><strong>umbra</strong></span> <span class='ocrx_word' id='word_1_169' title='bbox 2035 1918 2144 1972; x_wconf 85' lang='lat' dir='ltr'><strong>sive</strong></span> <span class='ocrx_word' id='word_1_170' title='bbox 2175 1914 2278 1968; x_wconf 85' lang='lat' dir='ltr'><strong>den·</strong></span> 
     </span>
     <span class='ocr_line' id='line_1_23' title="bbox 426 1994 2280 2067; baseline -0.003 -17"><span class='ocrx_word' id='word_1_171' title='bbox 426 1994 594 2060; x_wconf 78' lang='lat' dir='ltr'><strong>sitae,</strong></span> <span class='ocrx_word' id='word_1_172' title='bbox 634 2013 799 2067; x_wconf 83' lang='lat' dir='ltr'><strong>supra</strong></span> <span class='ocrx_word' id='word_1_173' title='bbox 836 1996 1213 2052; x_wconf 81' lang='lat' dir='ltr'><strong>refractionem</strong></span> <span class='ocrx_word' id='word_1_174' title='bbox 1253 1995 1527 2052; x_wconf 88' lang='lat' dir='ltr'><strong>radiorum</strong></span> <span class='ocrx_word' id='word_1_175' title='bbox 1563 1995 1751 2051; x_wconf 80' lang='lat' dir='ltr'><strong>venire</strong></span> <span class='ocrx_word' id='word_1_176' title='bbox 1794 1997 1853 2052; x_wconf 92' lang='lat' dir='ltr'><strong>in</strong></span> <span class='ocrx_word' id='word_1_177' title='bbox 1890 1994 2040 2052; x_wconf 90' lang='lat' dir='ltr'><strong>Iride</strong></span> <span class='ocrx_word' id='word_1_178' title='bbox 2064 1994 2280 2052; x_wconf 70' lang='lat' dir='ltr'><strong>inferiore</strong></span> 
     </span>
     <span class='ocr_line' id='line_1_24' title="bbox 425 2073 2286 2148; baseline -0.002 -20"><span class='ocrx_word' id='word_1_179' title='bbox 425 2073 495 2128; x_wconf 87' lang='lat' dir='ltr'><strong>ad</strong></span> <span class='ocrx_word' id='word_1_180' title='bbox 522 2073 710 2130; x_wconf 86' lang='lat' dir='ltr'><strong>oeulos</strong></span> <span class='ocrx_word' id='word_1_181' title='bbox 737 2078 951 2130; x_wconf 83' lang='lat' dir='ltr'><strong>nostros</strong></span> <span class='ocrx_word' id='word_1_182' title='bbox 976 2075 1441 2148; x_wconf 85' lang='lat' dir='ltr'><strong>pervenientium,</strong></span> <span class='ocrx_word' id='word_1_183' title='bbox 1469 2079 1800 2148; x_wconf 86' lang='lat' dir='ltr'><strong>quapropter</strong></span> <span class='ocrx_word' id='word_1_184' title='bbox 1824 2075 1974 2132; x_wconf 78' lang='lat' dir='ltr'><strong>color</strong></span> <span class='ocrx_word' id='word_1_185' title='bbox 1992 2073 2286 2132; x_wconf 70' lang='lat' dir='ltr'><strong>fortissimus</strong></span> 
     </span>
     <span class='ocr_line' id='line_1_25' title="bbox 426 2153 2278 2229; baseline -0.001 -21"><span class='ocrx_word' id='word_1_186' title='bbox 426 2169 505 2209; x_wconf 82' lang='lat' dir='ltr'><strong>se.</strong></span> <span class='ocrx_word' id='word_1_187' title='bbox 547 2153 711 2209; x_wconf 89' lang='lat' dir='ltr'><strong>ruber</strong></span> <span class='ocrx_word' id='word_1_188' title='bbox 747 2154 971 2210; x_wconf 86' lang='lat' dir='ltr'><strong>umbrae</strong></span> <span class='ocrx_word' id='word_1_189' title='bbox 1010 2155 1198 2211; x_wconf 81' lang='lat' dir='ltr'><strong>subest</strong></span> <span class='ocrx_word' id='word_1_190' title='bbox 1237 2155 1468 2229; x_wconf 88' lang='lat' dir='ltr'><strong>ideoque</strong></span> <span class='ocrx_word' id='word_1_191' title='bbox 1506 2174 1538 2210; x_wconf 83' lang='lat' dir='ltr'><strong>a</strong></span> <span class='ocrx_word' id='word_1_192' title='bbox 1575 2159 1728 2226; x_wconf 85' lang='lat' dir='ltr'><strong>parte</strong></span> <span class='ocrx_word' id='word_1_193' title='bbox 1766 2172 2012 2211; x_wconf 81' lang='lat' dir='ltr'><strong>convexa</strong></span> <span class='ocrx_word' id='word_1_194' title='bbox 2042 2153 2278 2212; x_wconf 78' lang='lat' dir='ltr'><strong>cernitur:</strong></span> 
     </span>
     <span class='ocr_line' id='line_1_26' title="bbox 422 2230 2369 2306; baseline -0.003 -18"><span class='ocrx_word' id='word_1_195' title='bbox 422 2234 485 2288; x_wconf 87' lang='lat' dir='ltr'><strong>in</strong></span> <span class='ocrx_word' id='word_1_196' title='bbox 538 2233 775 2290; x_wconf 80' lang='lat' dir='ltr'><strong>maximo</strong></span> <span class='ocrx_word' id='word_1_197' title='bbox 828 2240 1011 2290; x_wconf 88' lang='lat' dir='ltr'><strong>autem</strong></span> <span class='ocrx_word' id='word_1_198' title='bbox 1066 2234 1205 2290; x_wconf 89' lang='lat' dir='ltr'><strong>Iridi</strong></span> <span class='ocrx_word' id='word_1_199' title='bbox 1261 2234 1524 2306; x_wconf 82' lang='lat' dir='ltr'><strong>cujusque</strong></span> <span class='ocrx_word' id='word_1_200' title='bbox 1560 2233 1813 2305; x_wconf 83' lang='lat' dir='ltr'><strong>guttulae</strong></span> <span class='ocrx_word' id='word_1_201' title='bbox 1850 2239 2094 2292; x_wconf 78' lang='lat' dir='ltr'><strong>centrum</strong></span> <span class='ocrx_word' id='word_1_202' title='bbox 2126 2230 2282 2286; x_wconf 79' lang='lat' dir='ltr'><strong>venire</strong></span> <span class='ocrx_word' id='word_1_203' title='bbox 2368 2237 2369 2292; x_wconf 75' lang='grc' dir='ltr'>ξ</span> 
     </span>
     <span class='ocr_line' id='line_1_27' title="bbox 424 2312 2369 2386; baseline -0.001 -18"><span class='ocrx_word' id='word_1_204' title='bbox 424 2312 530 2369; x_wconf 73' lang='lat' dir='ltr'><strong>sub</strong></span> <span class='ocrx_word' id='word_1_205' title='bbox 584 2314 910 2370; x_wconf 80' lang='lat' dir='ltr'><strong>refractione</strong></span> <span class='ocrx_word' id='word_1_206' title='bbox 958 2313 1029 2369; x_wconf 89' lang='lat' dir='ltr'><strong>ad</strong></span> <span class='ocrx_word' id='word_1_207' title='bbox 1079 2313 1269 2370; x_wconf 82' lang='lat' dir='ltr'><strong>oeulos</strong></span> <span class='ocrx_word' id='word_1_208' title='bbox 1304 2317 1519 2370; x_wconf 79' lang='lat' dir='ltr'><strong>nostros</strong></span> <span class='ocrx_word' id='word_1_209' title='bbox 1553 2315 1934 2385; x_wconf 86' lang='lat' dir='ltr'><strong>perveniente,</strong></span> <span class='ocrx_word' id='word_1_210' title='bbox 1995 2312 2286 2386; x_wconf 80' lang='lat' dir='ltr'><strong>quapropter</strong></span> <span class='ocrx_word' id='word_1_211' title='bbox 2367 2315 2369 2324; x_wconf 91' lang='lat'>&#39;</span> 
     </span>
     <span class='ocr_line' id='line_1_28' title="bbox 426 2392 2192 2467; baseline -0.003 -18"><span class='ocrx_word' id='word_1_212' title='bbox 426 2392 657 2450; x_wconf 89' lang='lat' dir='ltr'><strong>rubrum</strong></span> <span class='ocrx_word' id='word_1_213' title='bbox 693 2393 1010 2450; x_wconf 80' lang='lat' dir='ltr'><strong>inveniatur</strong></span> <span class='ocrx_word' id='word_1_214' title='bbox 1046 2413 1211 2467; x_wconf 84' lang='lat' dir='ltr'><strong>supra</strong></span> <span class='ocrx_word' id='word_1_215' title='bbox 1247 2394 1490 2450; x_wconf 88' lang='lat' dir='ltr'><strong>umbram</strong></span> <span class='ocrx_word' id='word_1_216' title='bbox 1527 2392 1656 2452; x_wconf 88' lang='lat' dir='ltr'><strong>i.-e.</strong></span> <span class='ocrx_word' id='word_1_217' title='bbox 1690 2411 1725 2450; x_wconf 83' lang='lat' dir='ltr'><strong>a</strong></span> <span class='ocrx_word' id='word_1_218' title='bbox 1759 2401 1914 2466; x_wconf 87' lang='lat' dir='ltr'><strong>parte</strong></span> <span class='ocrx_word' id='word_1_219' title='bbox 1953 2408 2192 2450; x_wconf 76' lang='lat' dir='ltr'><strong>concava.</strong></span> 
     </span>
    </p>
   </div>
   <div class='ocr_carea' id='block_1_3' title="bbox 394 2990 2297 3136">
    <p class='ocr_par' dir='ltr' id='par_1_3' title="bbox 394 2990 2297 3136">
     <span class='ocr_line' id='line_1_29' title="bbox 490 2990 2297 3061; baseline -0.01 -3"><span class='ocrx_word' id='word_1_220' title='bbox 490 2997 564 3060; x_wconf 67' lang='lat'><strong>(⁸⁹)</strong></span> <span class='ocrx_word' id='word_1_221' title='bbox 628 2999 775 3046; x_wconf 83' lang='lat' dir='ltr'><strong>Nemo</strong></span> <span class='ocrx_word' id='word_1_222' title='bbox 838 3013 931 3046; x_wconf 83' lang='lat' dir='ltr'><strong>non</strong></span> <span class='ocrx_word' id='word_1_223' title='bbox 977 2998 1027 3046; x_wconf 85' lang='lat' dir='ltr'><strong>in</strong></span> <span class='ocrx_word' id='word_1_224' title='bbox 1073 2998 1207 3046; x_wconf 73' lang='lat' dir='ltr'><strong>haece</strong></span> <span class='ocrx_word' id='word_1_225' title='bbox 1253 2998 1581 3060; x_wconf 80' lang='lat' dir='ltr'><strong>Theologorum</strong></span> <span class='ocrx_word' id='word_1_226' title='bbox 1631 3003 1676 3046; x_wconf 82' lang='lat' dir='ltr'><strong>et</strong></span> <span class='ocrx_word' id='word_1_227' title='bbox 1723 2997 2013 3061; x_wconf 75' lang='lat' dir='ltr'><strong>Physieorum</strong></span> <span class='ocrx_word' id='word_1_228' title='bbox 2042 2990 2297 3058; x_wconf 63' lang='lat' dir='ltr'><strong>oppetit-5⁰⁸0</strong></span> 
     </span>
     <span class='ocr_line' id='line_1_30' title="bbox 394 3073 1153 3136; baseline -0.005 -12"><span class='ocrx_word' id='word_1_229' title='bbox 394 3073 637 3136; x_wconf 62' lang='lat' dir='ltr'><strong>spinosam</strong></span> <span class='ocrx_word' id='word_1_230' title='bbox 668 3075 819 3134; x_wconf 80' lang='lat' dir='ltr'><strong>(puto)</strong></span> <span class='ocrx_word' id='word_1_231' title='bbox 848 3077 1153 3134; x_wconf 68' lang='lat' dir='ltr'><strong>recognoscet.</strong></span> 
     </span>
    </p>
   </div>
   <div class='ocr_carea' id='block_1_4' title="bbox 2365 1803 2372 2452">
    <p class='ocr_par' dir='ltr' id='par_1_4' title="bbox 2365 1803 2372 2452">
     <span class='ocr_line' id='line_1_31' title="bbox 2365 1803 2372 2452; baseline 0 0"><span class='ocrx_word' id='word_1_232' title='bbox 2365 1803 2372 2452; x_wconf 95' lang='lat' dir='ltr'><strong> </strong></span> 
     </span>
    </p>
   </div>
  </div>
 </body>
</html>
