2432 3554
1275 138 1396 196 204

394 300 667 369 postrema
718 296 1053 367 cognitionis
1104 297 1285 367 specie
1339 299 1410 355 ad
1465 297 1616 355 illam
1665 300 1950 373 pervenire
1992 301 2245 371 possimus.

388 375 643 432 Diximus
696 380 879 432 autem
927 374 1069 433 hanc
1118 378 1451 447 cognitionis
1488 379 1726 451 speciem
1763 397 1874 436 non
1911 380 2159 451 profluere
2189 398 2247 435 ex

386 455 497 513 alia
531 456 763 528 quadam
802 473 886 518 re.
926 458 1022 511 sed
1060 474 1129 511 ex
1164 457 1480 513 immediata
1515 458 1691 529 ipsius
1727 459 1930 529 objecti
1973 458 2246 517 intellectui

389 536 848 591 manifestatione.
922 536 1089 597 Quod
1162 538 1208 592 si
1265 536 1540 607 objectum
1591 537 1732 593 illud
1775 538 2120 611 magnificeris
2171 538 2248 593 bo·

388 632 625 687 numque
662 616 767 681 sit,
808 632 959 671 mens
996 616 1316 671 necessario.
1339 634 1466 673 cum
1503 635 1566 673 eo
1603 618 1828 684 unitur,
1873 618 1954 673 uti
1991 618 2130 673 etde
2152 633 2249 673 cor-

385 712 515 767 pore
551 700 738 751 nostro
774 694 1029 753 diximus,
1100 694 1264 750 Unde
1297 696 1545 771 sequitur
1580 698 1952 768 cognitionem
1988 715 2098 753 esse
2131 712 2248 769 quae

387 792 625 831 amorem
679 777 884 832 causet.
956 776 1047 831 Ita
1102 779 1167 830 ut
1221 775 1267 830 si
1305 775 1403 830 iilo
1441 776 1600 831 modo
1635 776 1816 832 Deum
1855 794 2244 869 cognoscamus,

387 872 488 911 nos
542 854 847 911 necessario
898 870 1023 910 cum
1077 853 1198 927 ipso
1255 856 1480 927 (quippe
1516 856 1611 929 qui
1647 874 1706 912 se
1744 858 1964 913 nonnisi
1999 862 2246 929 tamquam

384 935 653 1019 optimum
677 933 1234 1006 augustissimumque
1259 934 1512 991 exhibere
1527 974 1548 1000 ,
1583 953 1760 1007 neque
1786 955 1819 991 a
1844 935 2004 991 nobis
2027 932 2252 1008 cognosci

387 998 587 1086 possit)
624 1013 782 1069 unire
805 1012 1115 1071 debeamus,
1156 1012 1228 1070 In
1265 1032 1373 1086 quo
1409 1014 1558 1080 solo,
1595 1015 1724 1071 uti
1701 1034 1817 1087 Jam
1844 1016 2112 1083 diximus,
2147 1014 2250 1069 bea·

390 1095 574 1151 titudo
610 1098 797 1151 nostra
823 1095 1097 1151 consistit.
1137 1094 1359 1156 Quibus
1383 1092 1564 1149 verbis
1583 1112 1714 1150 vero
1740 1094 1896 1151 nullo
1921 1096 2080 1151 modo
2101 1094 2254 1151 dicere

389 1174 580 1246 cupio,
621 1192 721 1231 nos
744 1193 869 1231 eum
885 1218 901 1241 ‚
926 1174 1107 1247 qualis
1131 1177 1218 1231 est
1242 1174 1357 1230 sive
1381 1176 1684 1246 adaequate
1708 1191 2034 1247 cognoscere
2059 1175 2252 1233 debere,

390 1255 525 1310 satis
544 1255 689 1311 enim
724 1254 882 1312 nobis
908 1258 993 1310 est
1008 1292 1029 1319 ,
1056 1271 1178 1308 cum
1196 1295 1209 1317 ,
1243 1258 1307 1309 ut
1331 1270 1456 1309 cum
1482 1272 1546 1309 eo
1573 1256 1859 1318 uniamur,
1889 1253 2252 1327 quodammodo

397 1348 737 1407 cognoscere.
808 1334 957 1391 Nam
994 1337 1051 1389 et
1088 1333 1213 1397 illa,
1255 1350 1416 1405 quam
1443 1335 1686 1406 corporis
1713 1334 2004 1401 habemus,
2043 1334 2252 1405 cognitio

390 1431 500 1470 non
556 1432 620 1469 ea
667 1420 787 1480 est,
844 1418 909 1469 ut
942 1412 1084 1469 illud
1122 1429 1514 1485 cognoscamus
1549 1414 1710 1487 quale
1749 1418 1834 1471 est
1869 1414 1984 1471 sive
2015 1417 2250 1489 perfecte,

390 1496 447 1549 et
481 1496 663 1549 tamen
700 1492 881 1566 qualis
921 1493 1051 1549 unio
1088 1509 1211 1548 cum
1257 1493 1348 1547 eo!
1388 1493 1567 1564 qualis
1604 1494 1724 1565 ejus
1761 1496 1944 1551 amor!

459 1811 840 1884 cognitionem
879 1810 1033 1866 illam
1069 1814 1352 1882 quartam.
1412 1828 1552 1883 quae
1589 1811 1694 1868 Dei
1732 1813 1978 1886 cognitio
2012 1817 2122 1875 est,
2161 1827 2245 1866 nou

390 1907 459 1946 ex
493 1889 603 1948 alia
639 1907 697 1947 re
736 1891 1032 1963 profluere,
1071 1890 1165 1946 sed
1191 1890 1561 1946 immediatam
1587 1909 1734 1955 esse,
1778 1910 1844 1947 ex
1871 1911 1937 1948 eo
1963 1896 2109 1964 patet
2130 1887 2244 1964 quod

388 1975 552 2026 antea
600 1988 722 2025 eum
779 1988 895 2025 esse
943 1971 997 2026 1.
1031 1969 1526 2026 demonstravimus
1564 1971 1740 2028 omnis
1785 1974 2112 2045 cognitionis
2143 1986 2244 2026 cau·

390 2067 537 2113 sam;
589 2051 639 2106 2.
674 2051 819 2122 quod
857 2066 953 2122 per
990 2066 1047 2104 se
1085 2051 1201 2121 ipse
1239 2053 1455 2104 tantum
1495 2068 1596 2106 nec
1633 2069 1728 2124 per
1765 2052 1930 2107 aliam
1969 2051 2128 2107 ullam
2157 2063 2242 2104 rem

392 2129 771 2202 cognoscitur:
820 2132 869 2187 3.
909 2129 1179 2201 denique,
1219 2130 1366 2203 quod
1404 2148 1436 2184 a
1473 2136 1670 2185 natura
1708 2150 1772 2186 ea
1807 2133 2020 2186 ratione
2055 2147 2163 2185 cum
2193 2141 2241 2180 eo

392 2209 533 2264 uniti
571 2227 788 2278 sumuS,
828 2214 893 2264 ut
929 2208 1133 2282 absque
1158 2227 1224 2265 eo
1247 2225 1348 2264 nec
1372 2211 1604 2266 existere
1631 2229 1732 2267 nec
1757 2211 1972 2283 concipi
1997 2207 2238 2282 possimus.

387 2289 551 2346 Unde
588 2291 733 2346 clare
771 2291 1019 2362 sequitur
1055 2309 1154 2346 nos
1189 2308 1316 2346 eum
1356 2306 1464 2345 non
1501 2290 1608 2346 nisi
1645 2290 1959 2347 immediate
1983 2287 2242 2358 intelligere

388 2385 561 2441 posse.

458 2449 641 2510 Quam
700 2453 940 2505 nostram
997 2449 1254 2506 unionem
1309 2465 1432 2504 cum
1482 2449 1603 2506 Deo
1658 2454 1859 2507 natura
1911 2454 1969 2506 et
2015 2463 2173 2505 amore
2200 2457 2265 2496 ex-

391 2529 595 2600 plicare
625 2528 741 2600 jam
778 2528 1117 2586 conabimur.
1166 2575 1171 2582 .

458 2689 717 2748 Diximus
753 2693 917 2745 antea
954 2688 1093 2746 nihil
1129 2690 1189 2744 in
1227 2690 1426 2744 natura
1462 2703 1580 2742 esse
1616 2704 1775 2760 posse
1812 2686 1989 2778 cujus.
2010 2701 2110 2741 non
2141 2679 2235 2737 ides

390 2769 451 2826 in
485 2769 729 2841 ejusdem
766 2771 847 2827 rei
886 2771 1065 2824 mente
1101 2768 1324 2824 daretur
1351 2770 1429 2838 ¹);
1483 2773 1540 2824 et
1575 2785 1684 2840 quo
1722 2784 1808 2824 res
1846 2767 2019 2840 magis
2055 2761 2135 2819 vel
2165 2758 2238 2816 mi·

457 3033 506 3092 1)
569 3030 677 3078 Quo
712 3031 843 3080 simul
877 3031 1124 3093 explicatur
1156 3031 1278 3092 quod
1310 3031 1359 3080 in
1389 3035 1518 3094 parte
1547 3031 1698 3094 priore
1711 3029 1994 3092 dicebamus,
2020 3026 2244 3078 inunum
