2432 3554
1236 175 1356 236 126

416 339 524 396 Sed
546 340 659 411 jam
686 338 1059 412 inquiramus,
1094 353 1227 394 num
1252 337 1465 412 aliquid
1493 338 1626 394 mali
1645 339 1702 394 in
1729 356 1813 405 eo,
1842 337 1987 414 quod
2003 355 2088 394 res
2102 335 2224 393 odio

342 424 407 475 et
440 419 722 475 aversione
758 417 1044 475 vitentur?

420 498 587 559 Quod
622 499 693 554 ad
728 499 914 554 odium
952 511 1021 552 ex
1054 498 1312 568 opinione
1349 499 1676 571 procedens,
1742 503 1948 557 certum
1988 504 2068 556 est
2090 497 2225 556 iliud

350 579 409 635 in
468 578 624 635 nobis
681 595 799 634 esse
854 594 965 632 non
1021 576 1183 633 licere
1202 619 1215 642 ,
1273 583 1404 652 quia
1459 581 1660 636 scimus
1704 599 1868 638 unam
1905 581 2227 656 eandemque

351 677 465 716 rem
502 678 613 717 uno
649 665 893 732 tempore
928 659 1086 716 nobis
1124 660 1320 716 bonam
1355 659 1467 716 alio
1503 660 1701 717 malam
1739 679 1884 726 esse,
1925 661 2008 717 uti
2045 661 2102 717 in
2128 679 2231 716 me-

346 740 677 797 dicamentis
716 740 953 796 videtur.

425 899 653 971 Proprie
678 899 851 971 igitur
872 897 941 953 ad
968 897 1071 955 hoo
1089 897 1480 954 attendendum
1500 941 1514 963 ‚
1545 916 1674 954 num
1696 897 1881 954 odium
1901 917 1966 955 ex
1988 899 2236 972 opinione

354 978 507 1044 sola,
549 996 723 1051 neque
758 978 923 1032 etiam
962 995 991 1032 e
1028 995 1158 1033 vera
1182 978 1600 1033 ratiocinatione
1625 977 1683 1034 in
1711 977 1866 1033 nobis
1890 979 2114 1039 oriatur.
2150 979 2236 1036 Ad

350 1077 517 1132 quam
540 1057 949 1130 inquisitionem
970 1058 1128 1114 nobis
1146 1058 1368 1113 videtur
1384 1058 1529 1114 clare
1543 1057 1936 1114 ostendendum
1953 1077 2093 1126 esse,
2113 1060 2240 1134 quid

357 1159 549 1197 verum
586 1140 772 1195 odium
810 1139 885 1195 sit
920 1138 1169 1213 illudque
1203 1138 1274 1194 ab
1311 1137 1595 1194 aversione
1631 1137 1767 1194 bene
1803 1137 2159 1212 distinguere.

430 1298 635 1354 Odium
671 1295 961 1354 commotio
1000 1296 1195 1352 mentis
1233 1298 1317 1350 est
1342 1297 1533 1350 contra
1558 1293 1794 1366 aliquem
1822 1294 1915 1366 qui
1941 1311 2041 1350 nos
2069 1295 2242 1351 sciens

356 1381 418 1433 et
455 1380 647 1448 sponte
684 1393 785 1432 sua
820 1375 1063 1434 offendit.

434 1459 667 1515 Aversio
703 1457 801 1514 illa
836 1457 1127 1514 commotio
1146 1461 1233 1513 est·
1249 1473 1388 1529 quae
1406 1456 1598 1510 contra
1617 1470 1729 1508 rem
1750 1452 1988 1526 aliquam
2009 1453 2068 1508 in
2091 1452 2249 1508 nobis

356 1538 539 1594 oritur
565 1542 785 1610 propter
808 1536 1063 1594 damnum
1090 1536 1173 1592 vel
1202 1536 1458 1606 injuriam
1479 1578 1494 1600 ,
1533 1553 1671 1608 quae
1698 1539 1953 1606 putamus
1977 1533 2066 1588 vel
2093 1534 2250 1590 intel-

362 1618 587 1691 ligimus
622 1634 657 1673 a
692 1621 887 1672 natura
924 1617 981 1673 in
1019 1616 1117 1672 illa
1155 1635 1293 1673 esse.
1355 1615 1498 1672 Dico
1528 1619 1754 1679 natura,
1815 1614 1975 1686 quia,
2035 1615 2251 1687 quando

364 1716 476 1754 non
512 1698 595 1753 ita
628 1701 885 1769 putamus
917 1696 1007 1751 vel
1043 1695 1435 1768 intelligimine,
1477 1695 1581 1750 etsi
1619 1694 1688 1750 ab
1729 1712 1792 1750 ea
1829 1693 2012 1750 damni
2051 1693 2142 1748 vel
2173 1695 2250 1749 in-

360 1777 633 1835 commodi
688 1775 895 1849 aliquid
948 1775 1096 1833 nacti
1136 1777 1335 1842 simus,
1394 1774 1518 1833 ideo
1554 1775 1624 1831 ab
1661 1793 1725 1831 ea
1761 1794 1871 1831 non
1907 1792 2247 1840 aversamur,

363 1858 476 1914 imo
527 1873 657 1913 vero
695 1856 987 1912 utilitatem
1032 1856 1303 1929 quandam
1352 1856 1422 1911 ab
1463 1872 1530 1911 ea
1572 1858 1886 1927 exspectare
1927 1871 2250 1929 possumus:

366 1938 453 1993 uti
490 1936 691 2009 aliquis
729 1936 909 2009 lapide
943 1935 1033 1992 vel
1069 1936 1249 1994 cultro
1276 1935 1531 2003 illaesus,
1570 1934 1639 1991 ab
1665 1934 1735 1991 iis
1759 1939 1942 1991 tamen
1968 1952 2080 1992 non
2107 1952 2256 1993 aver·

363 2022 541 2073 satur.

366 2256 405 2313 d
440 2176 567 2233 Hoc
614 2176 698 2231 ita
730 2174 1108 2231 animadverso
1136 2176 1251 2247 jam
1290 2174 1530 2231 breviter
1565 2172 1851 2247 utriusque
1887 2172 2158 2254 effectum
2179 2176 2260 2231 vi-

408 2270 626 2313 eamus:

444 2336 533 2393 Ex
586 2334 714 2391 odio
750 2334 995 2407 procedit
1026 2334 1291 2400 tristitia,
1351 2350 1523 2407 exque
1562 2350 1759 2407 magno
1797 2333 1926 2389 odio
1961 2333 2072 2396 ira3
2121 2352 2264 2407 quae

371 2421 643 2489 postrema
700 2430 809 2471 non
858 2413 1065 2480 solum,
1124 2418 1207 2471 uti
1246 2414 1430 2470 odium
1452 2456 1466 2479 ‚
1524 2412 1664 2470 illud
1700 2413 1846 2486 quod
1883 2412 2030 2478 odit,
2084 2415 2265 2469 vitare

368 2501 637 2560 conatur,
674 2510 805 2548 vero
841 2494 1002 2549 etiam
1041 2494 1089 2550 si
1125 2496 1298 2567 possit
1323 2496 1621 2552 destruere.
1679 2494 1764 2552 Ex
1789 2512 1986 2569 magno
2009 2494 2109 2553 illo
2134 2496 2266 2552 odio

375 2574 623 2648 procedit
658 2573 887 2630 invidia.

448 2733 535 2790 Ex
559 2732 841 2788 aversione
863 2746 993 2788 vero
1017 2735 1264 2804 procedit
1289 2734 1552 2807 quaedam
1573 2732 1800 2790 tristitia
1814 2773 1834 2800 ,
1861 2734 1990 2806 quia
2009 2750 2110 2790 nos
2129 2750 2266 2809 quo·

372 2812 500 2868 dam
558 2814 773 2884 privare
826 2829 1115 2878 conamur,
1174 2814 1320 2887 quod
1377 2814 1600 2871 realiter
1639 2816 1908 2880 existenS,
1970 2815 2268 2871 essentiam

374 2910 533 2949 suam
571 2896 627 2947 et
662 2891 1047 2966 perfectionem
1085 2893 1265 2952 habet.

448 2973 581 3035 Quo
616 2972 765 3029 dicto
802 2973 963 3030 facile
998 2974 1350 3047 intelligitur,
1387 2992 1487 3031 nos
1511 2974 1720 3031 ratione
1747 2978 1934 3031 nostra
1964 2979 2110 3033 recte
2138 2990 2271 3032 usos

380 3055 439 3111 in
498 3052 707 3111 nullam
764 3070 876 3110 rem
928 3055 1114 3113 odium
1152 3054 1242 3113 vel
1279 3057 1614 3114 aversionem
1651 3054 1848 3113 habere
1885 3072 2072 3129 posse,
2137 3056 2274 3130 quia
