2432 3554
1341 169 1420 228 84

1042 379 1291 436 CAPUT
1339 379 1722 438 DECIMUM.

926 571 1071 614 amn
1107 571 1193 612 εῖτ
1231 571 1441 612 nomm
1475 573 1545 611 m
1580 573 1812 612 mmm.

502 729 583 785 Ut
610 730 844 786 breviter
868 730 1111 786 dicamus
1129 772 1142 794 ,
1172 729 1304 802 quid
1332 729 1389 786 iu
1417 748 1473 784 se
1495 732 1568 786 sit
1590 734 1787 787 bonum
1810 737 1865 786 et
1886 732 2116 795 malum,
2148 733 2310 788 anim-

428 809 776 865 advertamus
830 809 1094 882 quaedam
1150 829 1268 864 esse
1319 811 1376 864 in
1434 813 1720 869 intellectu
1778 818 1998 878 nostru,
2057 830 2156 868 nec
2192 828 2314 865 vero

428 887 615 944 eodem
655 888 813 944 modo
852 891 909 944 in
947 892 1172 952 natura:
1231 909 1370 962 quae
1409 894 1579 964 igitur
1615 893 1779 948 etiam
1818 897 2064 947 nostrum
2102 891 2312 946 tantum

430 985 567 1040 opus
605 974 736 1024 sunt
774 970 1125 1042 serviuntque
1155 974 1372 1028 nonnisi
1401 974 1468 1027 ad
1501 991 1584 1026 res
1611 972 1870 1028 distincte
1898 971 2307 1044 intelligendas;

432 1047 575 1104 inter
629 1067 767 1120 quae
826 1049 1081 1104 habemus
1118 1067 1303 1108 omnes
1341 1054 1634 1108 relationes
1671 1071 1809 1124 quae
1845 1053 1916 1106 ad
1953 1053 2196 1106 diversas
2234 1067 2312 1104 res

428 1128 735 1199 pertinent,
774 1147 1017 1202 quaeque
1054 1132 1203 1184 entia
1241 1133 1470 1189 rationis
1496 1133 1852 1190 nominamus,
1891 1131 2193 1192 Quaeritur
2218 1130 2310 1201 igi-

428 1213 551 1271 tur,
592 1227 720 1263 num
764 1207 961 1264 bonum
998 1214 1055 1264 et
1094 1210 1295 1265 malum
1331 1213 1476 1268 inter
1502 1212 1650 1267 entia
1687 1212 1916 1266 rationis
1953 1229 2025 1264 an
2053 1209 2200 1264 inter
2223 1229 2307 1264 en·

427 1287 507 1342 tia
545 1289 713 1342 realia
750 1289 1042 1345 referenda.
1090 1289 1227 1344 Cum
1268 1309 1396 1348 vcro
1432 1292 1632 1348 bonum
1673 1298 1726 1347 et
1766 1292 1964 1346 malum
2003 1289 2142 1345 nihil
2169 1287 2306 1345 aliud

426 1367 500 1420 sit
554 1384 715 1438 quam
773 1367 993 1426 relatio.
1056 1371 1211 1428 extra
1268 1371 1495 1428 dubium
1554 1378 1637 1427 est
1694 1391 1756 1426 ea
1812 1374 1958 1427 inter
1999 1371 2150 1424 entia
2189 1370 2306 1424 rati·

427 1446 549 1502 onis
606 1465 721 1502 esse
773 1447 1051 1518 ponenda;
1110 1466 1385 1522 nunquam
1445 1453 1586 1508 enim
1627 1451 1834 1524 aliquid
1875 1451 2077 1504 bonum
2115 1451 2312 1505 dicitur

428 1527 536 1582 nisi
594 1527 825 1582 relatum
884 1528 952 1582 ad
1002 1527 1155 1582 aliud
1193 1530 1352 1600 quid;
1413 1531 1490 1586 sic
1529 1531 1731 1586 dicitur
1775 1530 1932 1584 homo
1979 1528 2155 1584 malus
2201 1546 2308 1582 esse

433 1625 541 1662 non
582 1607 742 1662 aliter
779 1625 939 1680 quam
978 1607 1183 1661 relatus
1222 1609 1290 1662 ad
1336 1610 1502 1664 alium
1544 1610 1862 1681 quemdam,
1903 1607 1990 1662 vel
2033 1610 2200 1662 etiam
2223 1627 2310 1679 po·
2389 1671 2391 1674 Α

430 1705 576 1742 mum
634 1688 837 1744 malum
893 1707 1043 1750 esse,
1100 1688 1326 1743 relative
1381 1690 1449 1745 ad
1507 1689 1658 1747 aliud
1727 1690 1923 1743 bonum
1963 1689 2051 1742 vel
2095 1689 2300 1741 meliuS.

428 1771 587 1831 Quae
624 1771 806 1825 omnia
842 1769 950 1826 dici
990 1771 1307 1843 nequirent.
1350 1772 1395 1828 si
1435 1769 1628 1827 melius
1665 1769 1752 1825 vel
1789 1767 1990 1823 bonum
2027 1765 2181 1822 istud
2207 1782 2305 1821 non

427 1855 573 1903 esset
608 1850 717 1904 tale
756 1850 981 1905 relative
1020 1850 1087 1903 ad
1126 1850 1179 1905 id
1221 1852 1363 1923 quod
1391 1850 1470 1905 sic
1496 1850 1718 1905 dicitur.
1781 1848 1871 1903 Ita
1897 1852 1991 1909 ut,
2033 1846 2079 1901 si
2105 1842 2306 1917 aliquid

428 1930 646 1983 nomine
686 1930 811 1985 boni
851 1930 1189 1991 nominatur,
1243 1930 1344 1987 hoc
1382 1930 1520 1986 nihil
1560 1928 1707 1985 aliud
1749 1928 2018 1999 significet
2054 1944 2218 1997 quam
2254 1923 2310 1978 il·
2388 1922 2389 1955 l

428 2010 524 2065 lud
562 2010 853 2065 convenire
891 2028 1013 2065 cum
1051 2010 1173 2065 idea
1210 2010 1482 2081 generali,
1526 2027 1685 2083 quam
1713 2010 1777 2062 de
1806 2006 2012 2061 talibus
2035 2006 2198 2061 rebus
2223 2006 2308 2058 ha-

434 2090 651 2149 bemus:
692 2106 815 2144 cum
854 2094 1033 2144 tamen
1073 2106 1318 2162 quaeque
1355 2108 1440 2145 res
1477 2090 1766 2146 convenire
1805 2088 2000 2141 debeat
2035 2104 2162 2141 cum
2194 2086 2307 2140 idea
2386 2116 2387 2125 ι

428 2188 529 2225 sua
566 2170 915 2240 particulari,
956 2170 1114 2237 cujus
1152 2188 1268 2225 esse
1306 2171 1542 2225 essentia
1576 2170 1816 2242 perfecta
1840 2186 1956 2222 esse
1981 2166 2176 2231 debet,
2218 2180 2308 2219 nee

430 2266 553 2305 cum
587 2249 933 2321 generalibus
970 2248 1193 2319 (ideis),
1232 2250 1360 2323 quia
1398 2256 1530 2304 tuno
1567 2248 1787 2303 omnino
1824 2263 1932 2301 non
1970 2244 2244 2301 existeret.

507 2876 597 2937 Ad
650 2878 1021 2934 affirmandum
1062 2878 1117 2934 id
1156 2880 1300 2953 quod
1343 2878 1610 2943 diximuS,
1671 2890 1992 2949 quamquam
2030 2890 2114 2929 res
2153 2874 2308 2929 nobis
2377 2876 2379 2879 ⁴

425 2960 668 3035 perclara
706 2958 806 3023 sit,
851 2959 1110 3015 addemus
1148 2960 1325 3015 adhuc
1362 2962 1684 3031 argumenta
1718 2955 2030 3029 sequentia,
2070 2954 2141 3009 ad
2174 2952 2306 3008 dieti

426 3038 829 3097 conclusionem
846 3060 859 3094 :
