2432 3554
1317 158 1434 215 182

496 319 889 377 Demonstrnre
935 334 1066 375 vero
1103 318 1250 389 quod
1287 318 1347 375 in
1385 321 1584 375 natura
1610 335 1810 391 eorpus
1835 318 1946 380 sit.
1987 318 2185 376 difficih
2200 334 2283 373 no·

428 401 513 457 bis
552 416 661 455 non
698 398 835 460 erit,
886 397 1195 453 scientibus
1233 399 1379 471 quod
1417 403 1474 453 et
1510 400 1643 471 quid
1681 398 1844 455 Deus.
1871 399 1981 463 sin
2037 416 2178 473 quem
2209 398 2286 452 ds-

428 480 707 539 finivimus
756 496 853 533 ens
904 476 1300 535 attributorum
1351 478 1722 541 infinitorum,
1779 494 2016 551 quorum
2069 479 2286 552 qnodque

431 559 704 617 infinitum
761 559 1171 629 perfectumque
1229 562 1348 620 est:
1401 560 1461 611 et
1515 558 1647 628 quia
1701 560 1950 615 extensio
1993 559 2288 614 attributum
2367 494 2370 655 ί

428 644 547 704 est,
604 637 750 709 quod
803 637 862 692 in
918 654 1117 709 genere
1170 655 1273 695 suo
1319 636 1596 693 infinitum
1635 655 1756 693 esse
1789 636 2280 700 demonstravimus.
2367 660 2369 707 ᾗ

432 736 651 775 neeesse
688 721 773 771 est
809 716 961 771 illam
999 734 1218 790 quoque
1255 717 1420 789 hujus
1457 718 1602 772 entis
1639 735 1758 772 esse
1793 718 2120 776 attributum
2133 718 2289 789 3.un

431 817 561 855 vero
615 798 783 851 etiam
830 796 1326 877 demonstr-evimus
1379 813 1476 851 ens
1530 796 1672 851 illud
1723 796 2000 853 infinitum
2039 794 2291 853 essentiale

432 897 551 935 esse
570 920 584 942 ,
622 878 875 949 sequitur
912 875 1242 934 attributum
1282 876 1446 932 hoece
1483 878 1648 931 etiam
1687 894 1804 932 esse
1840 878 2144 935 essentiale.

509 1169 803 1225 Praeterea
857 1184 980 1224 eum
1037 1167 1201 1225 etism
1255 1168 1808 1228 demonstraverimus
1853 1174 2010 1225 extra
2046 1173 2292 1229 naturum.

438 1268 578 1323 qnae
631 1248 846 1306 infinita
884 1258 1000 1317 est,
1058 1248 1272 1305 nullum
1311 1267 1408 1305 ens
1446 1248 1679 1303 existere
1715 1266 1907 1321 posse,
1967 1248 2112 1305 clare
2141 1251 2296 1323 patet,

440 1332 647 1387 huncce
686 1331 927 1401 eorporis
965 1328 1215 1385 effectum
1255 1347 1366 1403 quo
1402 1326 1608 1384 conscii
1645 1328 1833 1391 fimus,
1871 1347 1906 1384 a
1941 1328 2096 1385 nulla
2133 1328 2294 1403 eliste
2371 1338 2373 1363 ²

440 1426 604 1483 quam
644 1408 764 1479 ipsa
802 1409 1121 1465 extensione
1158 1410 1449 1481 procedere
1487 1424 1674 1479 posse,
1715 1426 1816 1463 nee
1853 1408 1922 1463 ab
1955 1410 2068 1484 alio
2097 1407 2293 1483 quodam

440 1491 586 1562 quod
639 1490 941 1545 eminenter
997 1486 1105 1557 (uti
1162 1486 1420 1543 nonnulli
1463 1485 1683 1555 volunt)
1721 1486 1924 1543 hancne
1961 1488 2292 1544 extensionem

440 1571 669 1632 habeat;
731 1568 861 1643 quia
915 1567 1024 1637 (uti
1082 1570 1246 1621 antea
1290 1568 1350 1623 in
1389 1566 1565 1639 primo
1602 1566 1781 1639 eapite
1819 1565 2296 1632 demonstravimus)

448 1651 550 1707 hoe
588 1648 725 1705 nihil
764 1653 867 1703 est.

512 1836 635 1892 Jam
693 1834 867 1907 igitur
900 1832 1480 1894 animadvertendum,
1529 1849 1718 1888 omnes
1755 1833 2030 1898 actiones,
2087 1847 2215 1905 quse
2237 1829 2296 1882 vi·
2375 1770 2378 1936 y

446 1917 637 1972 demus
692 1914 1001 1970 necessario
1056 1912 1126 1968 ab
1177 1912 1500 1968 extensione
1556 1913 1822 1984 pendere.
1887 1913 2018 1969 huie
2071 1911 2296 1970 auribus>
2375 1939 2377 1976 ξ

456 1994 692 2050 adscribi
748 1993 977 2057 debere,
1036 1992 1157 2048 seil.
1219 1997 1424 2048 motum
1473 1997 1534 2048 et
1567 1993 1828 2066 quietem.
1893 1992 2072 2053 Quod
2107 1992 2155 2048 si
2183 1987 2295 2045 enin

446 2075 644 2147 agendi
680 2071 809 2129 illae
846 2073 1125 2144 potentiae
1160 2072 1222 2128 in
1259 2075 1457 2128 natura
1487 2087 1596 2127 non
1625 2077 1838 2134 essent.
1878 2073 1998 2129 fieri
2021 2089 2128 2128 non
2152 2069 2298 2142 possut

446 2154 577 2224 (etsi
602 2155 661 2208 in
688 2170 753 2207 en
779 2152 952 2207 multa
974 2150 1085 2206 alia
1109 2155 1293 2208 essent
1317 2152 1610 2222 attributa)
1630 2155 1696 2208 ut
1713 2152 1842 2208 illae
1861 2155 2061 2209 essent.
2096 2146 2296 2206 Umin

446 2234 659 2307 aliquid
696 2233 851 2290 aliud
884 2233 1020 2305 quid
1058 2233 1358 2304 producere
1395 2231 1604 2302 possit,
1641 2231 1700 2286 in
1725 2231 1824 2288 illo
1849 2229 2119 2303 quoddam
2141 2227 2297 2282 adesse

451 2315 649 2379 debet,
686 2329 794 2385 quo
833 2313 1006 2384 magis
1042 2329 1203 2384 quam
1243 2310 1354 2368 alia
1392 2328 1478 2366 res
1511 2311 1938 2382 hoe‘produoere
1963 2313 2141 2384 quest.
2177 2306 2298 2364 Iden

448 2412 578 2450 vero
614 2393 761 2466 quod
800 2390 889 2448 hie
926 2392 995 2448 de
1032 2391 1356 2448 extensione
1393 2389 1660 2453 dicimus,
1699 2391 1866 2448 etiam
1903 2392 1974 2446 de
2010 2389 2301 2461 cogitatione

448 2475 625 2548 deque
660 2473 811 2530 omni
847 2472 992 2544 quod
1028 2477 1114 2526 est
1149 2471 1260 2526 diei
1299 2469 1477 2527 debet.

524 2795 697 2852 Porro
762 2787 1344 2852 animadvertendum,
1404 2786 1546 2842 nihil
1602 2787 1660 2844 in
1718 2786 1876 2844 nobis
1931 2803 2052 2842 esse
2091 2783 2191 2842 nisi
2233 2797 2306 2869 en·

456 2874 551 2946 jus
608 2871 815 2928 eonseii
870 2869 988 2924 fieri
1022 2885 1324 2940 queamus3
1385 2868 1466 2922 ita
1503 2871 1596 2930 ut.
1657 2867 1878 2940 quando
1927 2865 2218 2938 experimur
2243 2875 2308 2917 m·

454 2951 535 3012 hil
590 2953 648 3007 in
704 2949 865 3006 nobis
912 2965 1029 3004 esse
1068 2946 1175 3003 nisi
1214 2947 1572 3018 cogitationis
1609 2947 2056 3019 extensionisqne
2091 2945 2302 3002 affectat,
