2432 3554
1289 195 1404 252 170

790 374 1037 429 CAPUT
1075 370 1442 428 DECIMUM
1481 371 1897 428 SEPTIMUM.

504 535 581 571 DE
630 531 972 572 mscssnvrmn
1007 531 1190 569 INTER
1219 529 1626 569 ‘vonUN'rATrcM
1663 529 1736 567 m·
1773 526 2172 568 OUPIDITATEM.

475 676 611 730 Cum
653 675 767 746 jam
806 673 1015 730 clarum
1054 675 1127 728 sit
1166 691 1264 728 nos
1303 672 1603 728 affirmandi
1641 674 1728 727 vel
1769 672 1999 744 negandi
2035 670 2261 725 volunta·

403 763 511 809 tem
552 773 661 810 non
700 753 929 818 habere,
970 753 1252 808 videamus
1291 771 1476 808 verum
1510 753 1829 825 justumque
1867 753 2146 807 discrimen
2185 765 2263 802 vo·

407 836 674 890 luntatem
712 835 856 889 inter
893 837 948 888 et
984 833 1372 904 cupiditatem,
1417 835 1531 888 sive
1557 833 1814 907 quidnam
1845 835 1970 894 illa,
2013 849 2043 886 a
2067 830 2260 887 Latinis

398 916 476 970 ita
514 918 707 970 vocata
731 951 747 977 ,
788 913 1061 968 Voluntas
1098 913 1314 984 proprie
1353 914 1442 968 sit.

466 1154 551 1210 Ex
602 1152 921 1208 Aristotelis
978 1151 1343 1222 descriptione
1399 1151 1673 1223 cupiditas
1711 1151 1928 1206 videtur
1964 1168 2128 1222 genus
2161 1166 2260 1202 esse

397 1235 533 1288 duas
560 1232 1021 1304 comprehendens
1046 1231 1276 1292 formas;
1307 1229 1444 1286 dicit
1469 1233 1611 1286 enim
1632 1231 1971 1286 voluntatem
1992 1229 2139 1285 illum
2159 1245 2258 1283 esse

398 1311 703 1383 appetitum
728 1330 887 1384 quem
914 1311 1118 1365 habent
1144 1313 1212 1364 ad
1243 1309 1442 1365 bonum
1469 1311 1555 1364 vel
1583 1312 1760 1383 specie
1791 1312 1946 1374 boni;
1985 1310 2122 1365 unde
2147 1307 2259 1362 mihi

395 1391 613 1445 videtur
651 1409 745 1462 per
782 1391 1154 1462 Cupiditatem
1185 1407 1372 1445 omnes
1397 1391 1674 1462 appetitus
1700 1391 1815 1446 sive
1841 1391 2009 1446 bonos
2035 1391 2140 1444 sive
2169 1405 2259 1440 ma·

398 1471 479 1525 los
517 1470 846 1542 intelligere.
907 1469 1145 1530 Quando
1186 1486 1311 1523 vero
1349 1472 1624 1542 appetitus
1655 1472 1714 1526 in
1742 1471 1918 1526 solum
1946 1469 2136 1525 bonum
2161 1468 2259 1521 sive

394 1551 495 1604 sub
534 1551 713 1621 specie
754 1550 879 1604 boni
918 1553 1033 1614 est,
1075 1546 1227 1602 illam
1265 1547 1605 1605 voluntatem
1645 1552 1890 1607 nominat
1927 1549 2012 1604 vel
2049 1550 2257 1605 bonum3

400 1631 444 1684 si
484 1647 613 1685 vero
652 1629 827 1685 malus
864 1631 921 1684 in
962 1629 1162 1682 malum
1200 1631 1316 1691 est,
1359 1629 1696 1700 voluptatem
1735 1631 1821 1684 vel
1864 1629 2052 1684 malam
2089 1627 2256 1680 volun-

393 1715 561 1763 tatem
590 1709 852 1764 nominat.
902 1709 991 1763 Ita
1028 1713 1089 1762 ut
1128 1707 1326 1761 mentis
1353 1709 1630 1781 appetitus
1668 1728 1777 1764 non
1816 1711 1890 1764 sit
1915 1707 2116 1781 aliquid
2139 1705 2255 1760 affir-

393 1791 574 1844 mandi
616 1791 698 1845 vel
744 1788 1009 1861 negandi,
1070 1786 1165 1842 sed
1203 1789 1482 1859 appetitus
1521 1794 1738 1847 tantum
1777 1790 1984 1863 aliquid
2025 1788 2121 1844 sub
2155 1804 2253 1857 spe·

392 1869 474 1924 cie
516 1869 643 1925 boni
678 1868 1028 1940 acquirendi,
1072 1866 1308 1938 malique
1349 1869 1580 1925 vitandi.

459 2186 587 2240 Jam
624 2186 795 2257 igitur
830 2191 1001 2241 restat
1038 2183 1456 2255 inquirendum,
1500 2204 1630 2241 num
1669 2186 1957 2258 Cupiditas
1993 2187 2088 2242 illa
2111 2184 2254 2239 libera

389 2268 463 2323 sit
500 2284 601 2321 nec
640 2285 725 2323 ne.
766 2266 991 2323 Praeter
1026 2266 1081 2321 id
1121 2265 1267 2336 quod
1302 2265 1413 2334 jam
1453 2265 1723 2331 diximus.
1763 2268 2114 2339 cupiditatem
2139 2280 2252 2319 are-

388 2365 507 2401 rum
568 2347 691 2401 idea
746 2347 1008 2418 pendere,
1069 2350 1125 2400 et
1161 2342 1234 2403 τὸ
1271 2344 1580 2417 intelligere
1617 2351 1898 2401 externam
1935 2364 2144 2403 causam
2181 2343 2256 2397 ha·

386 2427 511 2481 bere
550 2427 745 2483 debere
766 2467 783 2493 ,
826 2430 1131 2485 meminisse
1170 2432 1387 2503 oportet
1413 2428 1468 2481 id
1495 2446 1710 2500 quoque
1737 2430 1883 2501 quod
1909 2430 1976 2483 de
2003 2427 2254 2483 voluntate

388 2506 646 2561 diximus.

457 2742 629 2799 Multi
669 2744 913 2799 homines
928 2782 947 2810 ,
984 2746 1087 2800 etsi
1128 2746 1262 2802 bene
1287 2748 1512 2803 videant
1537 2746 1905 2818 cognitionem
1929 2762 2090 2817 quam
2118 2739 2256 2796 variis

387 2822 455 2879 de
481 2823 645 2877 rebus
670 2824 905 2889 habent,
940 2826 1177 2879 medium
1202 2845 1322 2882 esse
1346 2846 1455 2899 quo
1481 2828 1756 2900 appetitus
1782 2842 1969 2881 eorum
1996 2823 2064 2879 ab
2083 2819 2255 2877 unoad

386 2900 620 2955 alterum
642 2907 905 2966 transeat,
931 2920 1037 2957 non
1059 2908 1242 2961 tamen
1264 2908 1712 2963 animadvertunt
1732 2908 1864 2977 quid
1878 2906 2017 2962 illud
2031 2922 2142 2959 esse
2155 2918 2254 2974 pos·

386 2980 479 3042 sit,
503 2982 648 3049 quod
670 2983 971 3053 appetitum
992 2984 1071 3036 ita
1090 2983 1157 3037 de
1179 3003 1290 3041 uno
1310 2987 1377 3041 ad
1400 2988 1631 3043 alterum
1653 2986 1854 3041 trahat.
1895 2986 2012 3041 Nos
2033 3002 2154 3039 vero
2171 3024 2182 3046 ,
2202 2998 2253 3035 us

390 3058 827 3116 demonstremus
862 3062 1167 3133 appetitum
1204 3064 1414 3123 huncce
1437 3066 1585 3137 apud
1611 3084 1712 3122 nos
1735 3084 1846 3122 non
1871 3065 2100 3121 liberum
2128 3076 2252 3123 esse,
