2432 3554
1085 163 1202 222 355

272 317 400 374 Non
436 319 503 374 ad
542 321 763 376 verbum
803 323 1055 394 quidem,
1113 323 1179 378 ad
1220 343 1435 381 sensum
1472 346 1601 385 vero
1637 329 1705 384 ab
1744 332 1889 386 omni
1928 338 2089 404 parte

203 413 326 452 cum
383 397 646 470 Spinozae
683 402 750 456 de
788 402 1104 458 delinitione
1141 406 1425 477 principiis
1463 410 1718 464 convenit
1756 411 1899 480 quod
1939 412 2085 482 apud

201 476 682 537 Tsohirnhausium
709 482 788 536 ·de
815 482 884 538 iis
913 483 1172 553 scriptum
1200 490 1299 542 est.
1341 485 1455 557 Ipsi
1485 506 1674 560 nempe
1702 489 2087 552 „nobilissimo

201 557 378 624 viro·',
414 560 473 614 in
511 560 741 632 epistola
777 563 908 627 642,
949 561 1301 634 philosophus
1328 567 1615 637 scripserat
1641 569 1789 623 illam
1819 571 2084 641 optimam

201 654 318 692 esse
355 637 758 705 definitionem,
797 659 938 713 quae
987 641 1110 706 „rei
1147 660 1363 699 causam
1405 646 1717 703 efficientem
1759 651 2083 720 exprimit;”

199 715 299 773 hoc
352 724 532 774 autem
605 719 1085 776 'l'sohirnhausium
1143 724 1293 778 cordi
1352 726 1602 782 habuisse
1658 746 1725 782 ex
1783 730 1849 783 iis
1929 734 2083 801 patet

196 813 336 868 quae
371 801 551 855 verbis
590 805 801 856 tantum
845 830 908 842 —
951 817 1050 855 nec
1074 799 1132 854 in
1161 803 1353 859 melius
1378 837 1449 847 —
1476 809 1701 862 mutatis
1729 826 1846 878 pag.
1874 809 1942 867 67
1969 827 2081 881 sqq.

199 877 364 934 dicit:
407 880 700 944 „omnem”
741 881 951 936 scilicet
991 879 1115 944 „rei
1153 883 1447 954 singularis
1474 888 1842 942 definitionem
1870 906 2081 960 semper

193 960 430 1032 ejusdem
471 964 545 1017 rei
586 962 816 1034 primum
857 959 1195 1016 formationis
1236 966 1449 1019 modum
1490 973 1735 1038 oportere
1775 967 2076 1033 includere,

191 1058 350 1113 quem
407 1041 642 1112 alicujus
680 1043 755 1096 rei
793 1040 1200 1114 generationem
1238 1045 1562 1116 nuncupabo
1566 1085 1716 1103 ........
1793 1047 2077 1119 Ejusmodi

193 1119 322 1174 data
374 1121 690 1179 definitione
739 1121 954 1175 nullum
1008 1118 1240 1190 amplius
1278 1124 1638 1180 dubitationis
1676 1126 1854 1182 locum
1894 1129 1960 1181 de
2000 1128 2077 1182 rei

190 1199 442 1256 definitae
499 1203 828 1258 certitudine
883 1199 1153 1271 relinqui'’
1211 1207 1387 1274 putat.
1489 1205 1677 1270 „Nam
1734 1206 1965 1277 (inquit)
2023 1225 2080 1261 re

179 1281 413 1352 quadam
472 1288 734 1354 concepta
789 1283 1039 1355 quisnam
1095 1299 1211 1336 eam
1268 1284 1579 1355 concipiens
1633 1285 1945 1352 dubitabit,
2006 1303 2075 1340 an

185 1363 567 1436 concipiatur?
639 1363 758 1420 Aut
795 1363 949 1436 quie,
993 1367 1291 1416 monstrata
1329 1364 1431 1421 sibi
1473 1363 1548 1419 rei
1586 1364 1820 1435 alicujus
1857 1383 2079 1436 genera-

181 1443 365 1505 tione.
402 1445 650 1518 ejusdem
689 1445 1108 1520 possibilitatem
1153 1442 1561 1498 desiderabit?'’
1634 1447 1983 1515 Quapropter
2021 1450 2077 1499 et

182 1523 556 1586 Cartesianam
601 1532 781 1581 motus
825 1523 1193 1580 definitionem
1222 1523 1568 1594 rejiciendam
1588 1523 1838 1594 judicat,
1877 1525 2077 1596 quippe

181 1620 320 1674 qnae
355 1607 702 1678 „genuinam
745 1608 924 1660 motus
961 1608 1210 1658 naturam
1250 1603 1365 1658 eive
1403 1604 1803 1674 generationem
1845 1620 1951 1657 non
1992 1603 2075 1658 in·

179 1683 436 1751 cludat,’'
479 1703 650 1758 eaque
691 1691 917 1750 „motus
955 1681 1241 1740 effectum'’
1286 1684 1554 1744 describi,
1597 1701 1704 1738 non
1744 1701 1871 1738 vero
1910 1701 2071 1748 „cau-

175 1781 284 1819 sam
331 1762 660 1837 efficientem''
715 1770 867 1837 (ecce
900 1764 1014 1835 jam
1053 1763 1229 1835 ipsius
1266 1766 1531 1837 Spinozae
1568 1764 1752 1825 verba)
1812 1763 2075 1829 „exhibe-

178 1844 226 1901 ri
243 1846 295 1908 ;”
350 1849 463 1903 imo
519 1846 702 1919 pergit
760 1845 991 1901 dicendo
1053 1844 1223 1907 „illos
1260 1846 1327 1899 ad
1366 1845 1692 1899 sententiam
1733 1847 1936 1913 (suam)
1975 1844 2075 1899 ali·

175 1930 383 1994 quan-to
419 1926 646 1999 propius
691 1925 981 1985 accedere.
1023 1924 1115 1995 qui
1155 1924 1413 1980 dixerunt
1454 1926 1643 1979 bonam
1684 1943 1953 1997 quamque
1980 1925 2071 1979 de-

175 2004 479 2061 finitionem
517 2024 720 2063 causam
760 2006 1049 2076 efficientem
1086 2003 1283 2061 debere
1318 2004 1669 2067 includere;”
1710 2005 1865 2059 addit
1902 2021 2071 2059 vero:

178 2101 318 2147 „eos
372 2090 557 2141 tamen
610 2088 783 2157 magis
821 2084 1158 2156 experientia
1194 2102 1355 2156 quam
1394 2103 1426 2138 a
1465 2085 1663 2155 priori,
1726 2084 1804 2138 uti
1847 2102 1944 2139 nos
1982 2084 2071 2138 de-

175 2162 467 2229 duximus,
507 2165 766 2221 didicisse
804 2163 1114 2219 videntur.'’
1165 2162 1293 2225 Quo
1331 2164 1460 2236 quid
1502 2164 1715 2236 proprie
1758 2163 1863 2217 sibi
1901 2163 2065 2227 velit,

175 2244 350 2301 fateor
373 2264 460 2301 me
485 2246 692 2301 nescire
712 2288 724 2309 ,
755 2245 1047 2317 gratiorem
1074 2248 1257 2297 autem
1280 2246 1518 2299 animum
1542 2244 1642 2314 ipsi
1667 2243 2068 2314 agnoscendum

175 2322 488 2381 maluissem
513 2344 673 2399 quam
702 2344 810 2398 quo
840 2342 1106 2380 summum
1130 2322 1529 2395 philosophum,
1564 2322 1889 2378 benevolum
1912 2340 2071 2377 suum

175 2410 618 2477 praeceptorem,
671 2406 817 2461 inter
854 2421 1154 2475 anonymos
1189 2402 1316 2457 illos
1355 2402 1586 2457 recelare
1623 2420 1789 2457 ausus
1828 2403 1900 2457 sit
1935 2418 2073 2473 quos

171 2481 398 2553 propius
432 2489 646 2539 tantum
687 2486 756 2541 ad
797 2504 948 2541 suam
989 2484 1162 2557 ipsius
1200 2483 1527 2536 sententiam
1568 2482 1828 2537 accedere
1865 2479 2029 2537 dicat.

243 2562 431 2618 Multo
465 2564 750 2636 indignius
786 2565 964 2619 adhuc
1002 2564 1110 2617 alio
1148 2561 1270 2616 loco
1308 2561 1596 2633 Spinozam
1634 2560 1924 2624 tractavit,
1968 2559 2060 2613 ubi

169 2638 238 2693 de
293 2643 484 2698 ordine
542 2644 924 2700 mathematico
981 2643 1199 2698 locutus
1237 2659 1346 2713 quo
1391 2641 1643 2695 nonnulli
1684 2642 1925 2711 cogitata
1962 2656 2062 2693 sua

169 2719 550 2787 exhibuerint,
612 2720 900 2793 „quidam”
959 2723 1139 2794 inquit
1184 2722 1361 2787 „item
1401 2721 1627 2792 primam
1666 2738 1729 2775 ac
1768 2719 2061 2775 secundam

167 2804 378 2871 partem
415 2800 822 2873 Principiorum
859 2800 1245 2873 Philosophiae
1283 2800 1683 2869 (Cartesianae)
1740 2800 1952 2855 reducit
1989 2798 2060 2853 ad

167 2877 436 2947 ejusmodi
493 2882 822 2938 methodum.
895 2881 1012 2937 Nec
1068 2880 1289 2935 defuere
1326 2881 1419 2953 qui
1457 2880 1639 2934 omnia
1677 2898 1778 2935 sua
1813 2881 2055 2951 cogitata

165 2956 360 3017 Ethioa
407 2963 466 3019 in
503 2963 670 3019 talem
708 2962 951 3035 redigere
988 2960 1232 3016 ordinem
1272 2965 1402 3016 sunt
1438 2960 1677 3016 conati.''
1752 2960 1820 3015 In
1859 2960 2057 3032 quibus
