2432 3554
1037 205 1154 264 303
1374 232 1387 254 ·

157 364 549 434 persuademur
585 383 680 427 eo,
722 367 868 436 quod
883 367 961 424 ‚in
998 371 1271 438 postrema
1306 367 1375 421 ad
1412 365 1875 437 Blyenberghium
1904 368 2041 437 epis-

160 443 266 498 tola
323 444 390 498 3ii
451 446 602 515 Junij
661 446 920 516 legimus,
991 447 1371 519 philosophum
1428 465 1613 501 mense
1672 446 1853 516 Aprili
1916 448 2043 502 Am-

158 523 506 578 stelodamum
545 543 602 578 se
639 525 968 589 contulisse,
1011 545 1119 598 quo
1153 527 1219 582 de
1258 528 1455 582 itinere
1480 532 1536 580 et
1563 527 1709 582 hisce
1736 527 1792 580 in
1824 526 1999 582 literis
2025 569 2039 588 ,

156 602 264 674 ipso
320 604 516 669 initio,
573 621 748 658 sermo
804 623 920 659 esse
978 605 1211 662 videtur.
1288 605 1501 660 Deinde
1550 609 1606 660 et
1643 605 1835 660 classis
1872 606 1931 661 in
1972 607 2043 662 iis

127 701 320 738 -sermo
361 685 453 747 fit,
493 701 632 756 quae
671 685 842 738 mensi
880 683 1029 754 Junij
1071 686 1295 740 ineunte
1334 691 1526 740 contra
1562 685 1776 756 Anglos
1814 685 1872 740 in
1898 703 2041 740 mare

158 763 311 818 missa
351 767 450 820 est.
519 764 628 818 Eas
666 768 882 829 autem,
923 782 954 818 a
992 765 1265 836 prioribus
1304 766 1637 830 editoribus,
1678 766 1835 837 quasi
1875 767 2041 830 „nul-

157 842 255 899 lius
293 843 493 914 pretii”
529 847 598 912 ¹).
643 841 940 915 sepositas,
981 863 1142 915 quam
1183 844 1481 916 plurimum
1518 849 1741 902 econtra
1766 844 1947 900 valere
1976 849 2043 900 ad

151 924 433 978 amabilem
490 923 796 995 philosophi
854 923 1092 979 indolem
1149 931 1203 979 et
1260 944 1580 996 generosum
1639 925 1757 996 ejus
1801 927 2042 980 animum

154 1003 343 1057 melius
382 1005 851 1074 cognoscendum,
893 1004 1122 1059 lectores
1155 1005 1405 1074 judicare
1442 1009 1739 1077 poterunt:

401 1180 593 1235 Amice
632 1179 927 1250 singularis
944 1221 957 1244 ,

220 1292 426 1347 Nescio
463 1311 532 1347 an
574 1292 672 1364 mej
713 1311 934 1364 prorsus
973 1293 1179 1349 oblitus
1219 1296 1323 1357 sis;
1386 1296 1559 1350 multa
1598 1299 1779 1351 tamen
1818 1313 2044 1352 concur-

156 1377 279 1426 runt
313 1390 456 1443 quae
495 1373 858 1444 suspicionem
898 1373 1150 1429 afferunt.
1210 1375 1397 1431 Primo
1423 1393 1547 1431 cum
1574 1377 1915 1446 profecturus
1942 1375 2043 1430 tibi

158 1452 457 1506 valedicere
513 1452 760 1506 volebam
817 1457 872 1506 et
917 1458 1003 1517 te,
1065 1472 1096 1508 a
1133 1463 1187 1508 te
1226 1457 1344 1526 ipso
1384 1457 1683 1517 invitatus,
1744 1457 1889 1511 domi
1929 1457 2045 1510 sine

159 1530 318 1585 dubio
357 1531 628 1590 offendere
657 1531 948 1603 putabam,
990 1533 1205 1604 Hagam
1233 1535 1455 1606 petiisse
1484 1536 1763 1598 intellexi;
1805 1542 2047 1590 revertor

158 1611 567 1685 Voorburgum‚
629 1615 815 1668 nullus
873 1615 1135 1670 dubitans
1178 1615 1312 1687 quin
1351 1616 1441 1672 hic
1480 1615 1671 1670 saltem
1710 1617 1769 1670 in
1808 1616 2045 1670 transitu

157 1711 247 1748 nos
285 1695 570 1756 inviseriS,
631 1700 689 1748 at
725 1700 817 1758 tu,
860 1695 904 1748 si
944 1694 1066 1749 Diis
1105 1693 1311 1764 placet,
1372 1692 1671 1749 insalutato
1708 1695 1911 1759 amico,
1953 1695 2047 1748 do-

157 1790 294 1829 mum
335 1791 586 1828 reversus
623 1779 698 1827 et.
775 1773 908 1829 Tres
945 1774 1180 1845 denique
1221 1773 1551 1845 septimanas
1591 1775 1907 1846 expectavi,
1948 1793 2049 1831 nec

155 1852 248 1909 hoc
287 1854 551 1925 temporis
598 1854 810 1908 litteras
849 1859 974 1907 tuas
1015 1854 1196 1907 videre
1236 1855 1489 1925 contigit.
1568 1854 1625 1909 Si
1665 1855 1837 1926 igitur
1872 1856 2048 1927 opini-

153 1950 304 1987 onem
345 1934 486 1988 hanc
526 1952 698 1987 meam
737 1952 770 1987 a
807 1938 862 1987 te
900 1936 1134 1987 amotam
1174 1933 1293 1999 vis,
1332 1936 1443 1989 tuis
1484 1932 1683 1990 litteris
1716 1935 1877 1990 facile
1903 1953 2048 1989 amo·

153 2016 330 2079 vebiS‚
373 2013 574 2085 quibus
611 2014 778 2068 ctiam
803 2014 1046 2069 indicare
1073 2014 1277 2083 poteris
1304 2014 1523 2068 modum
1551 2015 1877 2069 instituendi
1904 2032 2047 2069 com-

155 2096 409 2149 mercium
449 2098 696 2149 nostrum
735 2094 1144 2165 epistolarium,
1199 2094 1267 2147 de
1305 2111 1412 2165 quo
1452 2095 1615 2148 semel
1656 2096 1713 2150 in
1751 2096 1864 2149 tuis
1902 2096 2048 2149 aedi·

151 2172 246 2229 bus
285 2174 460 2229 locuti
499 2191 702 2230 sumuS.
762 2173 943 2228 Velim
983 2174 1200 2228 interim
1242 2178 1295 2227 te
1336 2174 1494 2229 enixe
1533 2180 1782 2245 rogatum
1814 2174 2045 2239 habere,

151 2254 253 2309 imo
284 2256 401 2325 jam
438 2270 534 2323 per
571 2258 814 2307 nostram
853 2253 1150 2308 amicitiam
1191 2256 1245 2305 te
1284 2270 1377 2307 oro
1414 2271 1682 2325 rogoque.
1748 2258 1810 2308 ut
1848 2254 2046 2309 serium

150 2350 279 2405 opus
319 2350 449 2387 vero
487 2333 673 2388 studio
713 2350 911 2387 navare
951 2332 1117 2395 veliS,
1163 2335 1327 2403 atque
1369 2332 1685 2388 intellectus
1724 2334 2048 2405 animaeque

151 2414 320 2469 cultui
352 2412 627 2467 meliorem
655 2412 802 2467 vitae
831 2419 1037 2483 partem
1066 2429 1277 2466 sacrare
1306 2412 1547 2483 digneris
1567 2455 1580 2476 ,
1616 2414 1726 2483 jam
1747 2456 1761 2477 ,
1803 2414 2044 2485 inquam,

151 2493 274 2547 dum
313 2498 531 2563 tempus
569 2496 689 2556 est,
729 2497 786 2547 et
823 2498 1116 2564 antequam
1155 2492 1223 2545 dc
1262 2496 1534 2564 tempore,
1576 2494 1686 2546 imo
1724 2492 1791 2547 de
1816 2497 1871 2545 te
1897 2492 2049 2563 lapso

152 2572 516 2644 conqueraris,
575 2570 746 2625 Porro
785 2576 848 2626 ut
885 2572 951 2625 de
991 2572 1315 2627 commercio
1355 2576 1543 2626 nostro
1582 2572 1923 2627 instituendo
1950 2573 2052 2627 ali-

149 2653 277 2724 quid
337 2652 545 2715 dicam,
608 2669 716 2722 quo
773 2651 1001 2706 liberius
1050 2651 1180 2706 mihi
1222 2652 1455 2707 scribere
1494 2653 1727 2714 audeas,
1788 2654 1928 2707 scias
1968 2672 2051 2705 me

152 2733 380 2787 antehac
435 2735 749 2802 suspectum
806 2732 975 2785 fuisse
1033 2736 1088 2785 et
1147 2734 1259 2785 fere
1298 2750 1395 2804 pro
1434 2739 1583 2787 certo
1622 2733 1820 2787 habere
1858 2736 1912 2786 te
1954 2738 2049 2787 tuo

154 2812 371 2881 ingenio
409 2810 757 2882 aliquomodo
797 2816 850 2866 et
891 2812 1064 2881 magis
1102 2830 1263 2883 quam
1304 2829 1400 2881 par
1438 2818 1521 2866 est
1558 2812 1831 2874 diffidere,
1874 2816 1930 2867 et
1961 2830 2049 2865 ve·

155 2893 254 2943 reri
294 2910 361 2945 ne
401 2890 610 2963 aliquid
650 2908 804 2961 roges
844 2894 942 2945 aut
968 2908 1273 2961 proponas,
1313 2891 1458 2963 quod
1485 2892 1663 2948 virum
1692 2894 1914 2947 doctum
1942 2910 2051 2947 non

209 3097 256 3155 1)
289 3097 639 3159 Adscripserunt
671 3100 818 3147 cuim:
850 3100 920 3157 „is
956 3114 1041 3146 van
1071 3099 1265 3159 geender
1298 3100 1515 3147 waarde.”
