2432 3554
1276 199 1355 256 72

955 376 1206 434 CAPUT
1246 376 1665 434 SEPTIMUM.

555 535 632 575 DE
668 535 1014 577 AmRmuTIS
1049 535 1211 579 QUAE
1245 535 1329 574 AD
1362 535 1532 574 DEUM
1567 533 1689 573 NON
1724 533 2056 573 Pnnoenusmt.

438 677 552 734 Hie
599 677 715 748 jam
761 677 1086 749 incipiemus
1129 677 1310 733 dicere
1354 679 1421 732 de
1465 677 1534 732 iis
1578 675 1899 732 attributis¹
1957 693 2095 748 quae
2144 675 2263 730 Deo

365 757 594 814 attribui
635 756 845 822 solent,
885 774 986 812 nec
1022 761 1206 813 tamen
1244 757 1293 812 ei
1332 760 1677 828 competunt,
1720 757 1802 811 uti
1838 759 1895 810 et
1932 755 1999 809 de
2036 755 2105 810 iis
2140 753 2263 826 qui-

370 839 504 901 bus,
557 837 650 891 sed
690 837 918 900 frustra,
963 837 1142 891 Deum
1178 837 1548 892 demonstrare
1586 841 1886 899 conantum
1925 841 1982 890 et
2017 835 2255 906 denique

369 918 440 972 de
471 932 632 970 verae
670 913 1006 970 definitionis
1044 915 1283 987 legibus·

442 1153 535 1210 Ad
590 1153 692 1208 hoc
747 1152 1056 1209 faciendum
1112 1171 1222 1208 non
1261 1155 1495 1210 multum
1532 1171 1785 1211 curamus
1821 1153 2271 1226 imaginationem

370 1254 536 1309 quam
587 1235 830 1290 homines
875 1236 942 1292 de
981 1237 1098 1292 Deo
1139 1237 1331 1292 habere
1370 1234 1577 1299 solent,
1640 1236 1737 1289 sed
1778 1234 2014 1290 breviter
2050 1238 2275 1290 tantum

371 1316 714 1388 inquiremus
769 1316 902 1388 quid
960 1335 1059 1372 nos
1115 1315 1426 1388 philosophi
1480 1316 1548 1370 de
1604 1332 1667 1369 eo
1704 1314 1909 1372 dicant.
1984 1314 2063 1371 Hi
2100 1313 2275 1384 igitur

372 1397 554 1452 Deum
599 1395 755 1451 nobis
795 1397 1126 1452 definierunt
1169 1401 1447 1467 tamquam
1492 1413 1589 1450 ens
1612 1396 1681 1449 de
1705 1393 1793 1448 vel
1820 1412 1887 1448 ex
1914 1411 1969 1448 se
1995 1394 2273 1456 existens,

374 1477 617 1531 omnium
655 1494 909 1540 causam,
968 1477 1347 1548 omnipotens,
1386 1475 1749 1539 omnisciens,
1788 1479 2109 1538 aeternum,
2150 1475 2275 1531 sim-

375 1555 532 1626 plex,
591 1556 901 1619 infinitum,
961 1575 1232 1612 summum
1273 1557 1501 1618 bonum,
1543 1555 1791 1610 infinitae
1831 1553 2271 1617 misericordiae,

377 1639 483 1692 etc.
574 1633 680 1690 Sed
737 1640 1028 1708 antequam
1085 1637 1153 1691 ad
1210 1637 1364 1692 illam
1422 1635 1861 1708 disquisitionem
1918 1634 2275 1694 accedamus,

378 1713 664 1770 videamus
701 1715 834 1787 quid
872 1716 1030 1772 nobis
1067 1717 1404 1772 concedant:

453 1954 528 2009 Et
565 1954 738 2024 primo
776 1954 994 2027 quidem
1033 1955 1257 2022 dicunt,
1316 1954 1421 2011 Dei
1460 1971 1641 2011 veram
1678 1954 1794 2011 sive
1820 1953 2121 2026 legitimam
2150 1953 2279 2009 defi-

441 2156 490 2213 1)
555 2154 692 2202 Quod
739 2155 795 2202 sd
827 2172 880 2203 ea
909 2158 1152 2215 attributa,
1199 2158 1359 2216 quibus
1393 2156 1517 2203 Deus
1548 2156 1729 2213 existit,
1778 2156 1892 2203 nihil
1922 2163 2031 2203 sunt
2060 2156 2152 2202 nisi
2182 2157 2287 2201 sub·

380 2224 574 2273 stantiae
625 2226 851 2285 infinitas,
901 2242 1085 2287 quarum
1135 2244 1333 2287 quaeque
1378 2228 1554 2275 infinite
1585 2228 1779 2289 perfecta
1812 2242 1907 2274 esse
1938 2226 2099 2274 debet.·
2148 2226 2290 2274 Quod

379 2298 632 2345 necessario
663 2300 729 2345 ita
760 2314 857 2346 esse
889 2300 1018 2347 nobis
1050 2300 1284 2360 persuadet
1301 2300 1421 2345 clara
1452 2304 1498 2346 et
1512 2298 1725 2347 distincta
1744 2298 1861 2345 ratio
1875 2334 1890 2354 ‚
1928 2312 2116 2357 quorum
2134 2304 2289 2343 tamen

377 2371 606 2431 hucusque
636 2369 725 2416 duo
755 2376 931 2417 tantum
964 2371 1064 2431 ipsa
1092 2386 1243 2417 earum
1274 2368 1471 2417 essentia
1498 2370 1680 2429 cognita
1711 2384 1808 2417 esse
1840 2384 1993 2415 verum
2024 2374 2121 2424 est,
2170 2370 2288 2429 συρί-

377 2442 489 2489 tatio
534 2455 693 2501 nempe
739 2446 784 2487 et
835 2444 1046 2491 cetensio.
1111 2442 1277 2487 Omnia
1323 2456 1459 2502 porro
1506 2456 1619 2499 quae
1667 2441 1765 2487 Deo
1797 2439 1986 2487 attribui
2016 2440 2165 2485 solent
2194 2452 2293 2485 non

376 2512 598 2559 attributa
614 2548 627 2570 ‚
661 2512 738 2559 sed
781 2513 892 2559 certi
923 2518 1100 2561 tantum
1127 2512 1251 2560 modi
1282 2518 1388 2560 sunt
1418 2527 1533 2572 quae
1562 2513 1605 2559 ei
1636 2511 1821 2559 attribui
1838 2515 2047 2573 possunt,
2082 2510 2152 2555 vel
2168 2509 2293 2568 qnod

380 2582 436 2630 ad
484 2584 634 2631 omnia
681 2583 751 2630 vel
799 2584 918 2642 quod
948 2586 1005 2632 ad
1037 2600 1174 2631 unum
1205 2588 1301 2645 ejus
1332 2583 1649 2631 attributorum
1667 2620 1681 2641 ,
1728 2583 1819 2641 uti,
1870 2582 1989 2641 quod
2018 2581 2073 2628 ad
2104 2580 2286 2638 omnia,

383 2654 506 2712 quod
538 2654 599 2702 sit
629 2660 860 2713 aeternus,
888 2672 969 2717 per
997 2670 1046 2704 se
1078 2656 1345 2715 consistens,
1378 2655 1577 2703 omnium
1606 2670 1765 2712 causa,
1802 2654 2050 2714 (infinitus,
2082 2652 2292 2699 immuta·

385 2724 516 2781 bilis3
565 2725 682 2783 quod
714 2726 770 2771 ad
801 2740 937 2773 unum
954 2764 969 2784 ‚
1019 2727 1137 2786 quod
1169 2728 1231 2775 sit
1262 2728 1555 2784 omnisciens,
1588 2725 1765 2787 sapiens
1794 2724 1934 2786 (quod
1964 2725 2020 2772 ad
2052 2724 2292 2784 cogitatio·

382 2798 506 2853 nem)
522 2832 535 2853 ‚
568 2802 614 2842 et
645 2797 762 2855 qnod
795 2798 854 2844 sit
887 2799 1049 2858 ubique
1065 2834 1079 2857 ,
1121 2799 1240 2858 quod
1272 2799 1423 2846 omnia
1454 2798 1663 2857 impleat,
1695 2802 1781 2844 etc.
1812 2796 1950 2855 (quod
1980 2794 2035 2842 ad
2066 2795 2293 2841 extensio·

381 2880 482 2912 nem
517 2868 746 2928 pertinet).
