2432 3554
1326 213 1439 269 168

427 373 721 428 conveniat
758 373 793 429 i.
831 390 876 430 e.
914 373 1059 445 quod
1098 390 1183 428 res
1221 371 1289 427 de
1327 378 1384 428 se
1409 391 1517 428 non
1543 374 1771 428 affirmet
1793 373 1880 429 vel
1909 376 2084 446 neget.
2117 375 2294 430 Censeo

428 469 557 506 vero
594 453 770 523 quod,
812 452 907 507 ubi
948 453 1083 508 bene
1122 451 1458 508 attendimus
1496 454 1563 508 ad
1594 453 1732 509 illud
1760 455 1903 526 quod
1927 453 1996 509 de
2021 455 2232 509 veritate
2251 455 2295 506 et

428 533 668 589 falsitate
706 535 974 598 diximus,
1018 535 1143 590 huic
1182 534 1480 605 objectioni
1518 536 1654 591 satis
1691 553 2010 608 responsum
2039 554 2150 591 esse
2169 535 2296 590 vide-

426 629 623 677 amus;
698 615 937 670 diximus
995 615 1137 669 enim
1194 615 1467 686 objectum
1525 631 1745 670 causam
1800 633 1919 670 esse
1977 615 2126 671 illius
2175 613 2297 687 quod

426 691 724 748 affirmatur
777 694 865 749 vel
924 699 1186 766 negatur,
1247 695 1390 750 sitne
1445 709 1633 748 verum
1687 695 1776 749 vel
1830 695 2052 759 falsum:
2115 693 2294 749 saleim

422 775 567 830 enim
608 775 736 829 inde
781 775 986 838 oritur,
1029 775 1173 846 quod
1220 773 1430 846 aliquid
1468 774 1536 828 de
1567 773 1784 845 objecto
1810 774 2165 848 percipientes
2187 773 2291 827 ims-

426 855 679 926 ginemur
716 854 781 909 ad
821 858 1000 910 totum
1037 854 1310 925 objectum
1351 851 1454 908 hoc
1489 851 1794 923 pertinere:
1835 854 1979 925 quod
2013 853 2294 924 plerumque

424 933 699 988 debilibus
756 933 812 988 in
871 933 1068 988 animis
1124 933 1302 988 locum
1342 931 1536 996 habet,
1598 934 1692 1004 qui
1731 932 1838 989 levi
1876 933 2075 1004 objecti
2111 933 2293 988 actione

422 1013 585 1068 facile
622 1012 841 1068 modum
880 1013 998 1083 ejus
1035 1011 1123 1066 vel
1159 1013 1338 1068 ideam
1376 1013 1435 1067 in
1472 1029 1530 1067 se
1567 1012 1905 1086 suscipiant,
1945 1009 2290 1085 praeterquod

418 1091 477 1146 in
515 1093 586 1148 iis
624 1091 779 1148 nulla
816 1097 900 1148 est
937 1091 1223 1148 affirmatio
1259 1091 1348 1146 vel
1387 1092 1625 1164 negatio.

491 1399 674 1470 Objici
724 1399 957 1472 denique
996 1399 1159 1454 etiam
1198 1398 1358 1453 nobis
1393 1404 1610 1471 posset,
1669 1400 1871 1454 multas
1907 1416 2026 1454 esse
2062 1415 2144 1453 res
2177 1411 2286 1469 quas

420 1479 674 1535 volumus
724 1477 1119 1550 nolumusque,
1181 1478 1262 1532 uti
1301 1495 1352 1532 v.
1397 1496 1445 1534 c.
1488 1478 1698 1551 aliquid
1737 1478 1803 1533 de
1839 1495 1898 1534 re
1933 1478 2187 1534 affirmare
2218 1472 2284 1528 vol

420 1577 528 1614 non
567 1558 829 1613 affirmare
848 1601 861 1622 ,
927 1557 1213 1612 veritatem
1254 1557 1433 1613 dicere
1470 1560 1558 1613 vel
1597 1575 1707 1614 non
1745 1559 1952 1622 dicere,
2014 1562 2117 1612 etc.
2185 1554 2286 1610 Hoe

416 1656 545 1694 vero
601 1639 729 1693 inde
790 1638 1067 1709 procedit,
1126 1637 1271 1708 quod
1328 1637 1606 1709 cupiditas
1640 1656 1748 1693 non
1789 1639 1924 1693 satis
1959 1656 1994 1692 a
2035 1635 2285 1692 voluntate
2365 1655 2367 1672 =

410 1719 805 1790 distinguatur.
900 1717 1246 1788 Quamquam
1311 1718 1456 1770 enim
1515 1723 1746 1790 utraque
1803 1717 2089 1772 affirmatio
2147 1731 2279 1785 neg·-
2365 1677 2367 1759 A

413 1800 559 1855 tiove
599 1800 676 1854 rei
716 1799 824 1861 sit,
862 1798 920 1852 in
965 1797 1062 1851 illo
1100 1796 1363 1851 differunt
1381 1798 1526 1869 quod
1547 1804 1820 1869 postrema
1845 1798 2002 1854 nullo
2027 1800 2274 1869 respectu.
2364 1868 2365 1871 Ἴ

412 1880 586 1951 prima
624 1896 751 1934 vero
789 1881 1040 1949 respectu
1078 1876 1204 1932 boni
1245 1875 1474 1941 maiive,
1523 1878 1772 1942 dicatur,
1815 1880 1962 1949 qnod
2001 1880 2060 1933 in
2093 1896 2147 1933 re
2179 1892 2278 1931 con·
2363 1880 2365 1976 1

409 1960 713 2022 sideratur:
773 1960 853 2014 ita
910 1960 973 2012 ut
1026 1956 1349 2029 Cupidine,
1405 1958 1571 2012 etiam
1629 1962 1755 2029 post
1807 1957 2204 2013 affirmationem
2233 1955 2276 2005 et

411 2042 755 2112 negationem
778 2082 792 2103 ,
834 2056 994 2112 quam
1034 2039 1101 2093 de
1142 2054 1199 2092 re
1237 2038 1497 2100 fecimuS,
1539 2048 1884 2109 permaneat,
1921 2037 1992 2091 ad
2030 2034 2160 2091 illud
2183 2030 2274 2087 seil-

409 2120 800 2184 obtinendum,
858 2119 1002 2191 quod
1060 2118 1270 2189 experti
1330 2134 1518 2173 sumus
1561 2116 1650 2171 vel
1687 2116 2070 2173 affirmavimus
2107 2114 2271 2169 bonum
2361 2112 2364 2191 j

412 2216 562 2264 esse:
604 2199 683 2254 ita
721 2204 784 2254 ut
819 2199 1077 2254 voluntas
1113 2198 1334 2270 quidem
1375 2199 1492 2253 sine
1531 2198 1834 2271 cupiditate
1859 2240 1873 2261 ‚
1916 2214 2016 2255 nec
2051 2212 2169 2251 vero
2197 2208 2272 2247 cu·

412 2278 616 2351 piditas
656 2279 773 2334 sine
810 2278 1097 2335 voluntate
1136 2296 1254 2333 esse
1291 2280 1487 2350 possit.
2359 2272 2361 2279 '

2359 2322 2362 2407 ι

472 2587 675 2642 Omnes
730 2587 975 2642 actiones
1014 2588 1186 2659 igitur
1227 2588 1294 2643 de
1333 2588 1534 2660 quibus
1571 2606 1736 2659 supra
1773 2587 2044 2651 diximus,
2097 2582 2268 2655 quippo
2357 2496 2360 2623 1

400 2684 541 2739 quae
580 2685 615 2721 a
652 2668 865 2721 ratione
904 2665 1007 2721 sub
1047 2666 1177 2722 boni
1214 2669 1396 2739 specie
1431 2670 1568 2723 fiant
1603 2669 1718 2723 sive
1746 2667 1874 2723 mali
1901 2664 2264 2738 impediantur·

404 2747 687 2819 appetitus
712 2748 929 2801 tantum
950 2787 964 2809 ‚
1006 2764 1145 2817 quae
1170 2748 1448 2818 cupiditas
1473 2751 1703 2803 vocatur
1719 2784 1737 2811 ‚
1777 2745 1932 2801 nullo
1961 2761 2084 2800 vero
2107 2737 2265 2797 modo·

406 2826 514 2881 msi
568 2826 731 2879 valde
780 2827 1103 2898 improprie,
1159 2826 1465 2883 voluntatis
1503 2827 1721 2881 nomine
1763 2822 2132 2897 comprehendi
2163 2833 2267 2891 pos·

404 2910 552 2961 sunt.
