2432 3554
1271 175 1389 233 270

388 334 560 404 bergii
598 332 879 389 Schotenii
916 334 1005 389 vel
1040 334 1183 389 alius
1219 334 1839 409 cujuscunque-tabulas
1859 338 2223 407 computantes
2245 376 2260 397 ,

381 431 480 485 pro
532 413 579 467 F
606 414 650 467 C
676 413 727 467 D
786 414 1051 483 angulum
1102 414 1413 469 invenimus
1451 418 1516 471 25
1545 417 1814 487 graduum
1853 418 1920 471 50
1959 416 2112 477 mim,
2171 414 2268 469 vel

384 498 449 549 ut
506 494 727 564 propius
790 494 967 550 adhuc
1006 494 1328 549 accedamus
1367 496 1474 549 25⁰
1511 497 1671 561 504¹,
1729 496 1891 567 cujus
1939 495 2128 567 duplex
2179 498 2269 549 est

394 590 555 631 arcus
601 573 716 627 EG
760 574 875 627 sive
916 576 1024 628 51Ο
1060 575 1171 630 41¹.
1243 573 1447 629 Eadem
1502 576 1712 631 ratione
1751 593 1910 631 arcus
1945 575 1989 629 1¹*
2015 577 2066 631 K
2101 574 2270 629 etiam

380 655 661 711 invenitur
696 674 815 709 esse
852 657 919 710 95
942 662 967 689 0
1006 657 1073 711 22
1096 659 1127 710 ¹.
1170 654 1336 715 Quod
1373 656 1752 711 tantummodo
1790 674 1820 709 e
1857 656 2268 727 trigonometria

384 736 672 791 ostendere
709 734 1003 791 voluimus.

452 895 533 949 Ut
593 899 776 949 autem
839 896 993 949 tertio
1052 894 1432 965 perveniamus
1491 892 1564 949 ad
1623 894 1983 949 inveniendos
2042 892 2276 965 angulos

381 972 432 1027 Ο
459 973 512 1027 Ν
538 973 585 1027 P
622 980 678 1027 et
714 974 770 1029 X
794 974 850 1033 Q.
874 974 929 1027 R
968 975 1003 1031 i.
1040 992 1085 1031 e.
1130 977 1171 1044 ι)
1229 974 1524 1029 diametros
1573 973 1832 1028 dimidios
1868 973 1982 1028 sive
2020 972 2274 1028 altitudi-

380 1070 504 1107 nem
532 1054 817 1125 utriusque
844 1053 1040 1118 Iridis,
1082 1055 1165 1108 uti
1201 1054 1363 1111 facile
1400 1052 1687 1125 imaginari
1714 1052 1872 1107 nobis
1896 1070 2186 1123 possumus
2205 1057 2275 1121 Ξ),

381 1134 715 1203 proferentes
752 1134 926 1187 lineas
963 1134 1017 1189 N
1042 1136 1089 1191 P
1126 1140 1182 1188 et
1219 1137 1275 1195 Q
1299 1135 1383 1196 R,
1423 1137 1481 1187 et
1516 1151 1582 1187 ex
1617 1150 1802 1187 earum
1840 1132 2044 1187 finibus
2069 1132 2119 1187 P
2147 1133 2279 1189 etR

381 1213 497 1267 sive
535 1230 601 1267 ex
639 1214 813 1268 oculis
852 1214 1177 1283 spectatoris
1213 1214 1476 1269 ducentes
1502 1210 1792 1283 parallelas
1817 1212 2084 1267 diametro
2111 1213 2168 1267 A
2205 1215 2274 1269 B:

1012 1533 1254 1589 PRIOR
1288 1533 1606 1589 REGULA

380 1676 492 1728 est:
531 1676 689 1745 quod,
732 1676 807 1729 ad
840 1676 1185 1730 inveniendum
1223 1676 1460 1745 anqulum
1501 1674 1630 1731 ΟΝ
1643 1675 1698 1727 Ρ
1721 1676 1828 1729 sive
1853 1676 2106 1729 diametri
2137 1660 2286 1733 dibni-

452 1755 590 1808 dium
629 1756 666 1809 i.
709 1773 752 1812 e.
789 1756 1114 1812 altitudinem
1149 1756 1418 1823 inferioris
1454 1756 1655 1821 Iridis,
1695 1773 1844 1810 arcus
1882 1756 1936 1812 F
1962 1759 2010 1812 G
2033 1758 2290 1814 addenda

453 1835 527 1888 sit
563 1836 667 1888 180
698 1837 973 1906 madibus,
1013 1841 1065 1892 et
1100 1839 1288 1892 deinde
1320 1837 1692 1890 subtrahendus
1729 1838 1916 1906 duplex
1952 1853 2117 1892 arcu-3
2145 1843 2209 1895 F
2231 1844 2292 1896 K.

819 2104 1039 2144 ACTIO
1100 2105 1183 2144 ET
1243 2104 1831 2145 DEMONSTRATIO.

452 2231 637 2289 Quam
656 2229 899 2300 regulam
914 2271 926 2292 ,
947 2250 979 2286 a
999 2232 1246 2286 Cartesio
1265 2233 1428 2302 longo
1449 2231 1702 2304 claroque
1724 2250 1967 2287 sermone
1989 2233 2304 2300 indictam.

382 2309 466 2364 uti
486 2309 601 2364 fieri
624 2309 813 2372 debet,
839 2311 1057 2381 quando
1077 2313 1189 2368 illis
1209 2312 1468 2368 scribitur
1486 2313 1580 2385 qui
1601 2313 1717 2368 solo
1739 2333 1840 2369 usu
1859 2317 2128 2374 contenti
2147 2327 2306 2386 sunt,

384 2406 655 2462 quamque
682 2393 865 2444 tamen
893 2391 995 2456 iis,
1034 2393 1129 2464 qui
1155 2393 1570 2450 fundamentum
1595 2396 1710 2450 sive
1736 2397 2004 2453 rationem
2032 2407 2306 2462 omnium

382 2487 708 2542 cognoscere
733 2475 952 2536 amant,
992 2473 1264 2528 occultam
1289 2477 1499 2536 tenuit:
1531 2494 1726 2547 quam,
1753 2477 1905 2540 dicu,
1936 2481 2222 2550 regulam
2255 2495 2312 2542 ut

380 2549 450 2603 ad
507 2551 769 2604 terminos
824 2549 1160 2622 algebra'icos
1215 2555 1538 2610 reducamus
1588 2556 1703 2610 sive
1751 2558 1810 2611 in
1859 2557 1930 2612 iis
1968 2576 2303 2631 ponamus,

380 2647 417 2682 a
470 2647 612 2700 pono
650 2629 913 2702 quadram
949 2632 1065 2686 sive
1102 2633 1366 2702 angulum
1406 2639 1614 2690 rectum
1652 2636 1766 2690 sive
1803 2653 1994 2692 arcum
2036 2642 2121 2696 90
2170 2663 2309 2720 gra-

440 2971 489 3028 1)
554 2969 641 3017 Per
671 2974 789 3019 29m.
822 2973 1000 3033 prioris·

438 3043 487 3102 2)
551 3043 666 3089 Vide
696 3043 931 3105 imaginem
964 3045 1101 3094 Iridis
1134 3048 1252 3110 apud
1285 3049 1556 3100 Cartesium.
