2432 3554
1314 194 1435 250 244

422 339 533 394 tari
571 338 686 394 sive
722 338 933 394 destrui
970 337 1165 402 debet,
1204 336 1405 409 quippe
1443 353 1582 408 quae
1618 353 1742 393 cum
1779 334 1994 407 objecto
2029 336 2164 391 unita
2193 332 2261 391 sitss

498 494 575 549 Ut
611 493 783 565 igitur
820 494 1019 548 mentis
1056 490 1326 547 essentiae
1365 490 1738 547 adscribamus
1773 493 1915 549 illud
1953 512 2057 567 quo
2091 493 2266 562 realiter

424 574 626 628 existat
673 572 762 627 vel
800 572 903 636 sit,
965 571 1103 628 nihil
1141 571 1295 626 aliud
1333 570 1568 625 inveniri
1607 573 1808 642 poterit
1844 574 1953 630 nisi
1989 574 2264 629 attributum

420 652 560 708 illud
615 656 671 707 et
708 652 980 723 objectum
1020 651 1086 705 de
1126 650 1328 723 quibus
1364 649 1535 705 locuti
1575 668 1794 715 sumus:
1852 671 1992 726 quae
2027 659 2186 709 tamen
2214 652 2267 706 ad

422 732 621 787 mentis
659 732 952 787 essentiam
990 748 1098 787 non
1138 732 1446 801 pertinent,
1488 731 1619 802 quia
1655 733 2008 803 cogitationis
2044 733 2266 805 objectum

420 812 560 867 nihil
598 812 718 881 ejus
756 811 951 875 habet,
992 815 1049 866 et
1084 810 1154 865 ab
1190 828 1256 865 eo
1295 811 1517 866 realiter
1541 811 1924 885 distinguitur.
1977 816 2050 871 Et
2072 812 2196 887 quod
2217 812 2268 867 ad

426 890 753 947 attributum
808 890 983 954 illud,
1034 890 1151 962 jam
1207 891 1702 947 demonstravimus
1736 891 1877 948 illud
1916 894 1986 948 ad
2023 892 2268 949 essentiam

418 972 751 1044 praedictam
790 972 1060 1042 pertinere
1099 989 1208 1026 non
1247 987 1433 1043 posse,
1477 972 1622 1043 quod
1657 990 1755 1043 per
1779 972 1921 1027 illud
1949 972 2092 1045 quod
2115 970 2269 1027 deinde

418 1053 664 1108 dicemus
729 1051 1042 1107 evidentius
1110 1050 1291 1106 adhuc
1345 1050 1656 1115 videbitur:
1739 1053 2064 1109 attributum
2118 1067 2268 1123 nempe

415 1139 694 1204 tamquam
749 1130 1080 1186 attributum
1134 1147 1260 1186 cum
1315 1129 1532 1200 objecto
1587 1148 1698 1187 non
1753 1132 1971 1188 unitum
2012 1137 2123 1195 est,
2173 1130 2268 1203 quia

418 1230 594 1284 neque
653 1216 898 1267 mutatur
933 1228 1109 1283 neque
1146 1209 1450 1265 destruitur
1487 1211 1592 1265 etsi
1629 1210 1906 1282 objectum
1945 1215 2178 1268 mutatur
2206 1207 2266 1262 vel

418 1291 746 1346 destruitur.

484 1520 695 1575 Mentis
730 1519 902 1591 igitur
942 1518 1181 1573 essentia
1216 1518 1275 1573 in
1313 1534 1378 1573 eo
1408 1516 1524 1573 solo
1550 1518 1836 1584 consistit,
1878 1518 2024 1591 quod
2047 1518 2161 1574 idea
2179 1516 2265 1571 sive

412 1601 653 1656 essentia
706 1600 981 1671 objectiva
1034 1599 1095 1653 in
1131 1597 1401 1654 attributo
1455 1598 1530 1653 sit
1587 1600 1896 1671 cogitante,
1958 1617 2026 1654 ex
2073 1594 2266 1653 essentia

414 1681 615 1752 objecti
642 1680 906 1752 originem
934 1679 1140 1735 ducens
1158 1720 1173 1741 ‚
1214 1678 1360 1751 quod
1385 1678 1444 1734 in
1471 1682 1670 1734 natura
1695 1679 1902 1734 existit.
1945 1678 2083 1735 Dico
2104 1673 2265 1747 objecti

412 1761 557 1834 quod
594 1761 815 1817 realiter
850 1760 1078 1826 existit,
1116 1763 1223 1815 etc.
1265 1759 1382 1815 sine
1419 1756 1530 1814 alia
1565 1756 2034 1831 particularitate,
2074 1761 2132 1812 ut
2151 1770 2264 1812 com-

413 1841 741 1913 prehendam
781 1858 889 1896 non
928 1839 1105 1896 solum
1142 1839 1478 1894 extensionis
1518 1839 1734 1894 modum
1758 1840 1851 1894 sed
1877 1843 1935 1894 et
1959 1835 2263 1893 omninmin·

412 1921 689 1975 finitorum
728 1920 1147 1982 attributorum,
1191 1936 1332 1991 quae
1368 1935 1538 1990 aeque
1573 1919 1654 1972 uti
1681 1919 1930 1974 extensio
1958 1922 2174 1973 mentem
2195 1913 2264 1966 ha-

414 2003 561 2057 bent.
605 2003 683 2057 Ut
703 2019 831 2057 vero
856 2002 1051 2057 haecce
1073 1999 1320 2055 definitio
1341 1998 1536 2054 melius
1556 1997 1934 2070 intelligatur,
1958 1995 2266 2053 attendatur,

411 2097 631 2136 necesse
670 2084 784 2142 est,
825 2079 893 2134 ad
930 2079 1072 2134 illud
1110 2080 1256 2150 quod
1289 2078 1402 2148 jam
1441 2078 1584 2142 dixi,
1629 2078 1694 2132 de
1733 2077 2017 2133 attributis
2048 2077 2266 2148 loquenS,

410 2178 475 2215 ea
523 2176 633 2214 non
680 2159 979 2216 secundum
1030 2175 1215 2213 eorum
1272 2159 1622 2214 existentiam
1657 2157 1961 2230 distingui,
2020 2157 2097 2212 uti
2130 2153 2266 2208 etiam

408 2240 699 2295 essentiam
757 2239 996 2294 omnium
1054 2237 1520 2294 modificationum
1577 2238 1635 2292 in
1689 2237 1988 2292 nominatis
2022 2225 2266 2292 attributis

410 2319 850 2392 comprehensam
887 2337 1037 2382 esse,
1078 2322 1135 2372 et
1170 2317 1406 2390 denique
1443 2318 1666 2386 omnina
1701 2316 1970 2372 attributa
2005 2315 2134 2370 entis
2164 2307 2266 2365 infl-

411 2399 517 2455 niti
554 2400 823 2455 attributa
859 2417 995 2455 esse.
1068 2399 1256 2458 Quare
1293 2399 1458 2454 etiam
1497 2399 1824 2454 attributum
1864 2398 2128 2489 cogitans,
2167 2389 2268 2444 sive

408 2479 753 2535 :intellectum
789 2483 845 2534 in
884 2497 941 2534 re
971 2480 1280 2552 cogitante,
1321 2478 1381 2534 in
1407 2496 1524 2550 cap.
1549 2477 1640 2534 IX
1665 2479 1836 2550 partis
1863 2476 2080 2549 prioris,
2115 2469 2268 2525 filium

402 2561 525 2614 sive
552 2567 855 2616 creaturam
882 2561 1121 2616 diximus
1147 2560 1252 2616 Dei
1279 2558 1678 2623 immediatam,
1710 2559 1780 2612 ab
1806 2557 1954 2612 omni
1979 2549 2272 2612 aeternitate
