2432 3554
1222 180 1341 238 316

333 345 402 399 de
457 361 624 401 causa
675 360 838 416 quam
893 343 1023 415 quia
1076 342 1293 397 authori
1350 341 1560 413 placuit
1608 343 1757 412 (cum
1798 360 1908 398 non
1944 342 2197 399 dubitem
2218 387 2233 408 ,

333 423 480 496 quod
516 424 623 496 ipsi
659 428 772 479 tam
809 422 1003 496 planae
1039 424 1263 478 fuerunt
1300 422 1473 486 visae)
1509 423 2000 480 demonstrationes
2040 425 2105 494 ijs
2132 425 2235 480 ad·

326 506 551 578 junctas
575 508 688 560 tam
728 503 983 558 brevibus
1019 506 1077 558 et
1112 520 1223 558 non
1260 503 1543 558 verbosius
1580 502 1868 574 explicatis
1904 505 2231 576 complecti.

398 585 594 640 Refert
648 587 926 656 praeterea
981 600 1037 638 se
1088 581 1314 652 Parisijs
1368 581 1641 638 invenisse
1695 584 1879 640 virum
1932 585 2237 656 insigniter

336 664 646 726 eruditum,
684 663 851 735 inque
887 663 1049 732 var-ijs
1086 661 1327 732 scientijs
1363 664 1825 729 versatissimum,
1865 669 1929 720 ut
1966 671 2023 720 et
2049 684 2083 720 a
2106 665 2237 720 vul·

329 745 554 815 garibus
577 743 906 815 Theologiae
931 743 1279 814 praejudicijs
1305 742 1535 798 liberum
1554 786 1568 808 ,
1596 743 1830 800 Leibniz
1854 745 2199 816 appellatum
2218 789 2233 810 ‚

329 841 568 898 quocum
619 823 1048 878 familiaritatem
1103 823 1379 878 contraxit
1415 823 1700 890 intimam,
1739 841 1864 880 cum
1901 825 1978 880 sit
2012 825 2235 896 subjec-

325 910 482 972 tum,
525 905 672 978 quod
709 921 821 958 una
857 921 980 958 cum
1018 920 1083 957 eo
1120 902 1437 958 intellectus
1473 904 1861 974 perfectionem
1897 905 2231 961 continuare

327 985 628 1049 allaborat,
667 983 778 1038 imo
817 983 917 1038 hoc
953 983 1073 1053 ipso
1109 981 1249 1038 nihil
1288 981 1481 1040 melius
1517 983 1773 1038 aestimat
1808 984 2074 1040 utiliusve
2100 1002 2228 1040 cen·

327 1068 432 1120 set.
505 1063 575 1118 In
633 1063 927 1118 moralibus
985 1081 1104 1117 eum
1152 1062 1335 1135 inquit
1370 1081 1488 1117 esse
1525 1063 2075 1128 exercitatissimum,
2132 1065 2226 1138 qui

327 1146 444 1200 sine
481 1143 596 1199 ullo
633 1143 922 1199 affectuum
962 1144 1168 1213 impetu
1207 1159 1277 1196 ex
1313 1141 1429 1197 solo
1467 1142 1696 1197 rationis
1721 1142 2019 1200 dictamine
2046 1143 2223 1218 loqui·

326 1229 436 1279 tur.
507 1223 578 1278 In
614 1223 864 1292 Physicis
901 1227 957 1285 et
993 1223 1311 1295 praesertim
1349 1221 1750 1294 Metaphysicis
1787 1222 1983 1293 studijs
2009 1223 2081 1278 de
2108 1224 2221 1279 Deo

261 1352 268 1357 ,
327 1309 384 1358 et
420 1305 603 1358 anima
638 1304 818 1375 pergit
854 1302 1011 1357 illum
1049 1321 1166 1357 esse
1203 1300 1665 1372 expertissimum.
1729 1301 1974 1356 Tandem
2002 1303 2219 1360 conclu-

326 1383 412 1438 dit
464 1402 587 1438 eum
646 1401 763 1438 esse
821 1383 1203 1454 dignissimum
1260 1382 1349 1437 cui
1405 1382 1609 1453 scripta
1649 1382 1905 1445 Domini.
1968 1401 2215 1440 concessa

329 1463 481 1534 prius
515 1463 706 1526 venia,
751 1463 1249 1527 communicentur,
1295 1477 1418 1516 cum
1444 1461 1633 1517 credat
1658 1463 1804 1533 quod
1830 1463 2055 1519 authori
2086 1481 2209 1536 mag-

326 1559 458 1596 num
515 1541 642 1596 inde
700 1543 987 1613 proveniet
1039 1541 1411 1607 commodum,
1470 1546 1637 1613 prout
1691 1541 1902 1613 prolixe
1941 1543 2213 1598 ostendere

324 1621 628 1691 promittit,
689 1622 736 1676 si
773 1621 1149 1678 Dominationi
1187 1621 1339 1676 Tuae
1376 1622 1433 1676 id
1472 1622 1775 1693 placuerit;
1834 1623 1919 1676 sin
1960 1641 2095 1678 vero
2130 1623 2215 1678 mi-

322 1717 465 1762 nus,
521 1699 734 1756 nullum
791 1707 1007 1757 moveat
1061 1701 1413 1774 scrupulum,
1474 1705 1609 1774 quin
1647 1703 1805 1757 iuxta
1840 1701 2028 1758 datam
2068 1703 2213 1758 fidem

322 1781 559 1852 ingenue
596 1799 660 1836 ea
695 1782 770 1837 sit
806 1783 1114 1846 celaturus,
1173 1784 1260 1838 uti
1298 1803 1367 1839 ne
1403 1786 1490 1839 vel
1531 1785 1809 1840 minimam
1848 1802 2039 1840 eorum
2080 1802 2213 1839 men·
2298 1798 2309 1809 ”

320 1863 528 1917 tionem
579 1862 726 1920 fecit.
799 1864 953 1919 Idem
999 1862 1094 1918 ille
1132 1863 1363 1920 Leibniz
1400 1865 1585 1937 magni
1624 1866 1881 1920 aestimat
1912 1864 2007 1921 Tr.
2034 1862 2209 1923 Theol.

319 1942 490 1998 Polit.
550 1946 618 1999 de
654 1943 814 2014 cujus
851 1944 1078 1999 materia
1115 1944 1381 2011 Domino,
1444 1945 1493 2001 si
1534 1946 1871 2010 meminerit,
1934 1944 2211 2017 epistolam

317 2024 614 2095 aliquando
651 2024 886 2097 scripsit.
927 2026 942 2058 ¹
1015 2024 1293 2097 Rogarem
1332 2026 1517 2098 itaque
1556 2024 1887 2088 Dominum,
1954 2028 2053 2088 ut,
2111 2024 2209 2079 nisi

322 2105 534 2160 sontica
571 2105 748 2167 subsit
785 2122 980 2168 causa,
1035 2104 1093 2160 id
1131 2123 1228 2177 pro
1266 2124 1529 2177 generosa
1564 2106 1684 2161 Tua
1722 2105 2067 2160 humanitate
2090 2121 2210 2175 ⁴per-

320 2183 538 2239 mittere
575 2204 644 2239 ne
680 2186 950 2257 graveris,
993 2184 1086 2239 sed
1126 2188 1172 2240 si
1211 2186 1329 2242 fieri
1367 2186 1573 2258 possit,
1612 2204 1774 2258 quam
1802 2186 2050 2257 proxime
2075 2200 2208 2239 reso·

319 2264 584 2319 lationem
601 2264 775 2320 Tuam
814 2264 1043 2337 aperias,
1073 2282 1196 2320 cum
1224 2268 1465 2338 acceptis
1489 2266 1843 2337 responsoriJs
1867 2264 2005 2320 Tuis
2034 2268 2208 2319 nostro

313 2344 740 2400 Tschirnhausio
795 2345 1120 2416 respondere
1173 2350 1397 2417 potem,
1460 2346 1605 2419 quod
1662 2344 1821 2400 avide
1870 2345 1979 2400 Die
2018 2342 2207 2400 Martis

315 2424 528 2495 vesperi
565 2425 828 2489 facerem,
883 2426 989 2480 nisi
1027 2426 1418 2497 impedimenta
1453 2426 1706 2499 graviora
1746 2425 1971 2482 Domini
2012 2440 2201 2479 moram

317 2508 536 2559 nectere
570 2505 872 2575 coegerint.

388 2583 458 2642 D.
492 2584 784 2639 Bresserus
808 2587 856 2655 θ)
895 2601 961 2639 ex
999 2583 1180 2640 Clivia
1205 2586 1379 2639 redux
1404 2586 1583 2640 factus
1601 2627 1615 2649 ,
1658 2582 1887 2639 multam
1915 2580 2197 2639 cerevisiae

315 2668 526 2737 patriae
563 2666 927 2739 quantitatem
963 2666 1070 2722 huc
1109 2666 1289 2727 misit;
1344 2665 1529 2719 monui
1564 2663 1777 2735 ipsum,
1841 2666 1904 2717 ut
1929 2660 2199 2718 dimidiam

371 2852 422 2909 1)
466 2850 571 2899 Nisi
601 2850 841 2898 Leibnitzii
871 2849 928 2898 ad
961 2850 1197 2911 Spinozam
1230 2846 1422 2909 epistola
1452 2847 1667 2907 quaedam
1698 2845 1950 2905 interierit,
1984 2849 2097 2893 errat
2119 2839 2197 2900 Ia.;

311 2920 446 2966 unica
475 2920 594 2967 enim
625 2937 738 2980 quae
767 2927 889 2968 extat
919 2936 989 2981 ep.
1019 2920 1074 2967 de
1103 2919 1268 2981 opticis
1299 2920 1419 2979 agit3
1452 2934 1493 2965 v.
1524 2934 1561 2965 s.

311 3074 341 3118 p
373 2990 611 3105 §ylgIdem
657 2991 868 3038 nimirum
912 2991 967 3037 de
1013 3004 1102 3048 quo
1149 3002 1286 3049 supra
1334 3005 1377 3049 p.
1424 2990 1517 3036 302
1564 3002 1709 3035 sermo
1742 2986 1830 3034 ruit
1844 3006 1861 3046 3
1904 2987 1959 3035 cf.
1986 2993 2030 3032 et
2057 2982 2199 3041 infra,
