2432 3554
1230 151 1349 210 :³50

351 308 490 366 nihil
537 326 776 381 unquam
815 309 1109 374 affirmare,
1169 311 1277 367 nisi
1314 311 1381 366 ad
1422 310 1703 365 minimum
1742 308 1920 364 simile
1954 307 2095 380 quid
2132 307 2255 378 ipsa

357 389 540 462 praxis
595 408 680 446 me
715 390 972 454 edocuit;
1030 391 1140 445 imo
1177 397 1455 462 praeterea
1492 392 1695 462 optime
1732 391 1875 454 scio,
1916 387 2065 461 quod
2107 387 2255 444 huuc

357 474 650 526 tractatum
677 471 746 524 ad
773 488 889 524 eam
915 471 1301 542 perfect-ionem
1328 489 1437 526 non
1460 471 1731 542 potuerim
1759 469 2015 524 reducere
2034 510 2049 532 ,
2088 471 2258 539 prout

362 551 421 605 in
475 549 597 602 idea
659 548 865 611 habeo,
927 556 983 603 et
1041 551 1169 604 mihi
1209 568 1591 622 proposueram
1630 551 1813 604 omnia
1850 567 1969 603 mea
2007 565 2124 602 non
2163 565 2261 619 pu-

365 628 600 693 blicare,
655 629 762 684 nisi
817 629 884 684 ad
925 628 1065 684 hanc
1103 631 1455 700 perfectionis
1492 631 1670 686 ideam
1708 629 1988 685 accedant.
2047 627 2261 681 Verum

365 708 494 781 quia
549 708 838 778 praevideo
895 727 1050 780 posse
1099 711 1214 764 fieri
1238 752 1251 772 ‚
1312 716 1375 765 ut
1413 729 1530 766 mea
1568 709 1751 765 studia
1788 708 2013 781 publico
2051 706 2265 780 aliquid

365 787 804 844 communicandi
861 789 1079 858 penitus
1101 788 1603 862 'abrumperentur,
1656 789 1902 860 judicavi
1942 807 1971 841 e
2012 805 2073 841 re
2118 788 2261 848 fore,

366 866 589 940 publico
645 868 746 922 hoc
799 868 858 922 in
913 873 1154 940 tempore
1191 869 1497 940 significare
1521 913 1535 933 ,
1598 871 1725 925 licet
1780 868 2026 924 nondum
2085 867 2263 922 omnia

369 947 439 1002 ad
477 947 841 1001 omnimodam
878 949 1263 1018 perfectionem
1295 950 1599 1006 reduxerim
1618 993 1631 1012 ‚
1674 949 1833 1005 modo
1858 948 1997 1003 talia
2024 949 2142 1003 sint
2164 963 2264 1019 quo

367 1028 618 1100 judicare
655 1025 905 1091 valeant,
947 1046 1078 1082 num
1116 1046 1289 1101 capax
1326 1031 1459 1094 sim,
1500 1031 1544 1085 si
1576 1029 1707 1085 mihi
1734 1029 2101 1085 commoditas
2128 1043 2265 1097 pare·

375 1114 502 1173 tur,
540 1106 761 1178 publico
798 1123 920 1162 cum
960 1110 1142 1164 fructu
1179 1109 1535 1164 inserviendi.
1598 1108 1655 1163 Si
1694 1108 1910 1163 nullum
1950 1108 2087 1162 hinc
2112 1123 2262 1161 reme-

377 1189 530 1244 dium
585 1187 980 1258 expectandum
1029 1187 1131 1252 sit,
1178 1189 1532 1260 imposterum
1571 1189 1703 1244 mibi
1744 1189 1843 1243 soli
1882 1188 2125 1242 studebo
2159 1186 2261 1241 abs-

379 1286 486 1340 que
542 1271 604 1320 ut
655 1265 865 1338 aliquid
905 1267 1196 1337 publicem.
1274 1268 1361 1324 Ex
1400 1271 1546 1324 hisce
1584 1276 1764 1324 antem
1804 1267 2042 1339 colliges
2066 1310 2080 1331 ,
2122 1282 2261 1338 quam

381 1349 568 1419 gratae
626 1345 756 1400 mihi
811 1347 962 1399 fuere
1005 1347 1221 1402 litterae
1257 1353 1421 1411 tuae,
1486 1355 1541 1410 et
1578 1349 1722 1419 quod
1760 1347 1898 1402 nihil
1938 1349 2000 1402 in
2044 1347 2177 1402 hisee
2202 1361 2254 1398 se

383 1424 684 1489 obtulerit,
741 1426 886 1496 quod
941 1427 1068 1481 mihi
1119 1429 1361 1498 potuerit
1408 1427 1733 1498 displicere,
1795 1431 1963 1498 prout
2002 1427 2116 1480 tale
2142 1421 2252 1496 quid

387 1505 696 1576 suspicatus
734 1522 790 1558 es
828 1505 885 1560 in
924 1506 1100 1562 literis
1133 1506 1204 1561 ad
1242 1507 1310 1564 D.
1349 1509 1415 1562 de
1452 1507 1652 1564 Gendt.
1696 1508 1817 1562 Hoc
1843 1523 1976 1561 sane
2008 1501 2259 1578 magnain

390 1603 474 1640 me
511 1587 656 1638 esset
692 1583 1110 1656 (im)perfecti0‚
1169 1587 1223 1650 si.
1251 1592 1363 1641 tam
1402 1587 1615 1643 levibus
1652 1588 1869 1642 animus
1908 1603 2071 1640 meus
2106 1584 2263 1640 turba·

391 1669 572 1729 retur,
614 1681 882 1737 quamque
921 1667 965 1720 si
1004 1664 1060 1720 in
1088 1685 1172 1722 me
1197 1667 1686 1722 animadverterem
1714 1667 1900 1721 statim
1928 1667 2264 1736 corrigerem

387 1743 524 1807 mihi
563 1743 708 1799 enim
745 1745 890 1801 circa
927 1745 1058 1801 haec
1096 1764 1204 1804 non
1242 1745 1520 1809 blandior:
1566 1746 1636 1802 ad
1661 1747 1808 1818 quod
1834 1745 2087 1801 remedia
2108 1757 2271 1801 secura

397 1826 456 1880 in
494 1823 744 1879 manibus
783 1824 971 1881 habeo,
1015 1828 1255 1891 „Estote
1292 1828 1519 1898 perfect-i
1542 1866 1560 1891 ‚
1613 1828 1759 1882 sicut
1794 1831 1953 1898 pater
1972 1829 2155 1880 vester
2174 1838 2271 1895 per·

398 1906 576 1959 fectus
613 1909 697 1958 est
717 1904 774 1969 ‚”
819 1908 1168 1979 praecipuum
1210 1925 1391 1963 meum
1428 1911 1513 1963 est
1546 1907 1772 1963 Ethices
1810 1910 2186 1977 praeceptum:
2224 1903 2275 1955 et

401 1986 448 2040 si
475 1984 666 2039 scirem
694 1983 915 2039 meliora
941 1992 1263 2057 praecepta,
1288 2005 1428 2059 quae
1456 2005 1539 2041 me
1564 1987 1625 2041 in
1655 1987 2029 2057 perfectiorem
2064 1988 2276 2044 statum,

402 2082 562 2137 quam
595 2064 708 2135 jam
736 2063 985 2135 possideo
1011 2066 1225 2120 interne
1244 2108 1257 2130 ,
1300 2070 1525 2137 possent
1548 2066 1826 2138 redigere,
1868 2064 2011 2120 nihil
2038 2068 2281 2137 quantum

401 2143 661 2218 possibile
699 2144 1114 2199 intermitterem
1139 2186 1152 2207 ‚
1197 2150 1261 2200 ut
1303 2145 1435 2201 mihi
1475 2145 1663 2201 eadem
1702 2160 2090 2218 compararem.

1135 2224 1267 2278 Sum
1306 2242 1375 2281 ex
1410 2227 1627 2297 integro

477 2304 748 2367 Dresdae,
789 2304 878 2359 die
917 2305 985 2357 12
1022 2304 1194 2374 Maji,
1553 2305 1707 2361 Tuus
1742 2306 1917 2361 Totus

658 2400 802 2437 anno
839 2382 995 2441 1687.
1354 2385 1418 2443 Ε.
1457 2386 1549 2442 W.
1591 2403 1698 2441 von
1736 2383 2128 2441 Tsehirnhaus.

481 2464 630 2521 Here
677 2463 901 2519 interfui
937 2462 1191 2517 convivio
1230 2462 1327 2517 ubi
1364 2464 1511 2520 ultra
1550 2466 1749 2537 viginti
1788 2463 2039 2528 nobiles,
2087 2458 2178 2515 sed
2206 2472 2288 2512 eo·

413 2545 706 2618 gitationes
744 2542 1032 2597 admodum
1071 2543 1140 2597 ab
1179 2542 1328 2597 hisce
1366 2544 1614 2600 diversae
1650 2543 1993 2607 existebant,
2032 2541 2161 2595 haec
2192 2536 2287 2591 bis·

413 2642 476 2681 ce
552 2662 1006 2680 ......
1083 2624 1233 2687 aria,
1268 2624 1381 2693 jam
1420 2624 1642 2681 nonnisi
1677 2623 1967 2679 matutinis
1992 2620 2163 2683 horis,
2198 2632 2288 2670 nec

414 2721 629 2777 quoque
667 2720 876 2773 semper
912 2702 1114 2757 talibus
1151 2718 1345 2757 vacare
1383 2703 1513 2759 licet
1530 2744 1973 2769 ......
2056 2702 2284 2771 (Unum

419 2782 691 2838 erroribus
731 2784 864 2837 meis
901 2782 1192 2837 condones.

493 2862 828 2917 Nobili-nimo
877 2864 1267 2934 Clarissimoque
1302 2864 1413 2922 viro

427 2942 541 2995 Duo
587 2943 879 2995 Christiano
923 2943 1190 3012 Huqemb,
1250 2942 1497 3010 δαίμων

501 3023 564 3074 de
599 3022 889 3085 Zulickem,
916 3020 1125 3091 present
1159 3018 1195 3073 ἃ
1232 3022 1287 3074 la
1316 3021 1486 3091 Haye.
