2432 3554
1272 211 1309 266 8

345 369 476 426 tiam
535 371 696 426 habet
755 370 857 426 hoc
913 370 1096 443 potius
1154 388 1317 443 quam
1372 369 1510 426 illud
1569 368 1876 440 intelligere
1923 367 2246 439 incipiendi.

343 450 483 505 Cum
520 450 693 524 igitur
727 469 828 508 nee
865 469 1032 507 unum
1071 467 1172 506 nec
1208 451 1441 506 alterum
1480 450 1681 522 possit,
1722 447 1803 504 nil
1838 451 2036 520 potest.

413 608 596 680 Major
633 611 712 666 sic
748 610 1183 665 demonstratur:
1228 609 1287 665 Si
1325 609 1559 666 hominis
1590 608 1743 664 fictio
1766 605 1883 662 sola
1906 623 2073 662 eausa
2096 607 2249 660 esset

340 687 460 759 ejus
498 689 682 754 ideae,
743 707 853 745 non
891 693 1073 761 posset
1110 689 1320 762 aliquid
1360 689 1686 760 intelligere.
1764 686 1869 744 Sed
1907 684 2117 758 aliquid
2156 683 2245 739 in·

341 766 590 840 telligere
628 771 826 841 potest.
904 771 1044 841 Erqo
1067 800 1140 810 —

412 1085 627 1141 Deinde
671 1103 795 1142 cum
847 1103 954 1158 per.
985 1087 1213 1158 primam
1258 1085 1503 1157 regulam
1547 1102 1633 1140 res
1676 1082 2074 1151 cognoscibiles
2114 1081 2237 1137 infi-

345 1164 492 1219 nitae
548 1165 708 1230 sint,·
750 1169 805 1219 et
859 1183 956 1238 per
991 1166 1287 1222 secundam
1326 1165 1643 1222 intellectus
1680 1164 1871 1220 finitus
1910 1181 2021 1218 non
2058 1162 2241 1220 omnia

347 1244 520 1314 possit
555 1245 1043 1316 comprehendere,
1083 1263 1285 1317 perque
1322 1247 1539 1301 tertiam
1579 1263 1687 1300 non
1716 1243 1915 1299 habeat
1938 1243 2243 1317 potentiam

343 1323 444 1380 hoc
491 1325 674 1396 potius
724 1342 886 1397 quam
936 1324 1076 1380 illud
1115 1324 1492 1398 intelligendi,
1552 1323 1891 1397 impossibile
1929 1328 2103 1387 esset,
2146 1328 2239 1387 ut,

342 1403 449 1458 nisi
499 1422 551 1538 ta
619 1403 780 1461 rebus
849 1406 1090 1462 externis
1158 1406 1555 1462 determinatus
1580 1445 1595 1464 ,
1665 1405 1875 1478 aliquid
1932 1405 2244 1477 intelligere

339 1500 496 1556 posse
525 1529 538 1541 .

345 1713 348 1716 ᾗ
413 1641 614 1707 Pon-0,
656 1642 838 1700 dicere
875 1644 1026 1700 illam
1064 1644 1244 1699 ideam
1281 1644 1556 1700 fictionem
1583 1661 1704 1700 esse
1728 1643 1928 1698 falsum
1958 1645 2076 1707 est,
2114 1659 2246 1697 nam

342 1721 682 1794 impossibile
737 1728 820 1779 est
875 1723 1025 1780 illam
1078 1725 1255 1781 ideam
1308 1723 1505 1780 habere
1543 1724 1651 1780 nisi
1688 1724 1924 1789 existat,
1964 1722 2110 1796 quod
2148 1721 2245 1779 hie

339 1800 776 1865 demonstratur:
819 1803 888 1859 ad
927 1805 1072 1877 quod
1111 1804 1212 1859 hoc
1252 1804 1535 1861 addimus:
1590 1805 1796 1860 Verum
1834 1808 1951 1867 est,
1991 1804 2137 1875 quod
2174 1804 2248 1858 de

342 1879 496 1945 idea,
555 1899 694 1954 quae
749 1882 908 1939 nobis
956 1884 1192 1956 primum
1230 1884 1297 1939 de
1334 1883 1520 1957 aliqua
1557 1902 1615 1939 re
1652 1884 1907 1948 advenit,
1966 1888 2023 1938 et
2058 1884 2139 1938 ita
2182 1884 2249 1938 in

343 1959 619 2018 abstracto
683 1980 716 2018 a
770 1963 930 2020 nobis
985 1963 1315 2037 generaliter
1368 1968 1691 2036 spectatur,
1750 1962 1947 2020 deinde
1985 1964 2044 2019 in
2081 1962 2253 2018 intel-

346 2038 496 2099 lectu
551 2048 738 2099 nostro
794 2043 978 2115 plures
1016 2043 1483 2116 particularitates
1520 2045 1820 2116 fingemus,
1886 2041 2087 2115 quibus
2124 2044 2249 2097 tum

345 2120 510 2177 etiam
565 2123 727 2194 plura
763 2122 884 2179 alia.
911 2127 967 2179 et
1003 2124 1071 2179 ab
1109 2123 1237 2180 aliis
1274 2125 1436 2179 rebus
1472 2123 1750 2179 abstracta
1786 2121 2057 2178 attributa
2092 2119 2249 2175 affin·-

346 2218 473 2273 gere
511 2219 831 2273 possumus;
873 2203 968 2259 sed
1007 2204 1109 2259 hoc
1144 2204 1263 2259 fieri
1300 2204 1524 2277 nequit,
1566 2204 1673 2260 nisi
1712 2203 1947 2276 primum
1977 2219 2063 2257 res
2088 2200 2247 2272 ipsa,

347 2294 525 2354 aqua
562 2281 839 2339 abstracta
877 2287 1036 2349 sunt,
1075 2284 1299 2356 cognita
1329 2284 1513 2339 fuerit.
1576 2282 1684 2338 Sed
1702 2284 1883 2355 posito
1904 2282 2043 2337 hanc
2062 2280 2247 2337 ideam

349 2360 622 2417 fictionem
679 2381 829 2427 esse,
888 2368 945 2421 et
998 2381 1187 2420 omnes
1243 2363 1383 2420 aliae
1438 2362 1625 2429 ideae,
1684 2381 1821 2436 quas
1879 2361 2139 2417 habemus
2174 2364 2244 2427 ἲ),

351 2730 416 2745 Q

411 2794 458 2853 1)
509 2795 637 2841 Aliae
685 2794 808 2843 ideae
839 2811 936 2843 esse
968 2802 1156 2857 possunt
1173 2832 1186 2854 ‚
1236 2812 1329 2843 non
1358 2812 1464 2844 vero
1499 2811 1679 2845 neeesse
1710 2802 1779 2844 est
1811 2801 1861 2844 ut
1894 2794 2010 2853 siut,
2058 2808 2252 2853 quarum

347 2880 478 2923 vcro,
537 2865 628 2912 sint
675 2867 744 2914 vel
793 2880 886 2913 non
935 2868 1052 2924 sint,
1110 2866 1307 2913 essentia
1353 2882 1525 2929 semper
1568 2866 1819 2914 necessaria
1866 2874 1933 2913 est
1946 2900 1963 2923 ‚
2010 2863 2078 2911 uti
2124 2863 2257 2912 ideae

345 2934 563 2994 trianguli
607 2942 656 2983 et
703 2936 868 2983 amoris
917 2936 964 2983 in
1013 2937 1164 2982 animo
1197 2936 1297 2983 sine
1326 2952 1541 2998 corpore,
1587 2944 1673 2985 etc.
1718 2938 1785 2985 ita
1819 2942 1891 2994 ut,
1940 2936 2027 2983 etsi
2056 2934 2256 2997 primum

350 3010 549 3067 putarem
585 3020 652 3052 me
683 3006 784 3053 illas
814 3006 1022 3065 finxisse,
1067 3012 1220 3054 tamen
1251 3007 1411 3055 deinde
1441 3022 1625 3069 cogerer
1655 3008 1802 3057 dicere
1836 3008 1939 3055 illas
1973 3021 2067 3054 non
2100 3004 2256 3053 minus
