2432 3554
1284 194 1361 248 74

371 357 636 412 uitionem
660 355 778 410 dari
798 372 907 409 non
928 372 1104 426 posse.
1133 354 1264 426 quia
1290 354 1443 410 nulla
1468 353 1713 410 definitio
1736 353 2062 424 (secundum
2082 370 2267 408 eorum

367 437 710 508 opinionem)
748 453 864 490 esse
902 441 1082 506 potest
1119 437 1227 490 nisi
1266 436 1479 504 generis
1516 440 1571 488 et
1602 435 1835 506 speciei:
1876 439 1933 488 et
1964 451 2089 488 cum
2116 433 2267 488 Deus

373 535 484 571 non
541 517 616 571 sit
669 515 906 586 alicujus
941 515 1157 586 generis
1195 515 1397 578 forma,
1459 520 1605 568 recte
1642 514 1731 568 vel
1768 514 2013 584 legitime
2052 511 2267 568 definiri

373 597 580 668 nequit.
652 595 904 652 Secundo
954 595 1180 656 dicunt,
1242 594 1419 649 Deum
1477 595 1690 650 definiri
1750 612 1857 648 non
1891 612 2077 665 posse,
2141 594 2273 666 quia

367 676 620 730 definitio
657 693 770 730 rem
809 675 954 729 nude
991 679 1046 728 et
1085 674 1402 728 affirmative
1427 673 1733 728 describere
1758 674 1953 738 debet,
1993 679 2049 727 et
2080 691 2273 728 secun-

365 757 500 810 dum
539 773 723 810 eorum
763 754 1092 809 sententiam
1130 755 1198 808 de
1235 753 1353 808 Deo
1390 752 1528 809 nihil
1556 753 1871 808 affirmative
1900 753 1992 806 sed
2020 753 2276 826 negative

369 839 588 890 tantum
644 835 782 889 scire
832 851 1149 904 possulum,
1218 850 1385 906 quare
1442 833 1544 888 Dei
1582 834 1833 889 definitio
1870 832 2117 904 legitima
2156 832 2275 888 dari

371 915 579 987 nequit.

441 1154 734 1209 Praeterea
769 1153 839 1208 ab
876 1153 946 1208 iis
983 1153 1166 1210 adhuc
1206 1154 1441 1218 dicitur,
1500 1154 1679 1209 Deum
1718 1174 1751 1210 a
1787 1155 1952 1227 priori
1992 1173 2273 1228 nunquam

365 1234 734 1290 demonstrari
797 1250 988 1304 posse,
1045 1235 1174 1305 quia
1232 1251 1449 1290 causam
1491 1253 1599 1290 non
1638 1233 1833 1298 habet,
1876 1235 1968 1290 sed
2007 1235 2277 1290 verisimi-

373 1315 502 1369 liter
540 1318 756 1368 tantum
794 1313 879 1367 vel
921 1331 1016 1385 per
1053 1313 1279 1369 effectus
1318 1314 1453 1385 ejus.

443 1473 630 1528 Haece
684 1488 870 1526 eorum
929 1473 1202 1525 sententia
1240 1473 1411 1543 igitur
1448 1473 1606 1527 nobis
1644 1473 1779 1528 satis
1818 1473 2163 1536 concedunt,
2222 1491 2276 1527 se

371 1569 592 1623 parvam
630 1556 686 1606 et
722 1567 950 1622 paneam
989 1551 1094 1606 Dei
1131 1553 1497 1624 cognitionem
1540 1552 1767 1623 habere,
1809 1569 1975 1624 quare
2000 1553 2059 1606 in
2086 1569 2274 1608 eorum

359 1632 480 1703 jam
518 1631 859 1703 inquiramus
897 1631 1299 1686 definitionem:

442 1790 515 1845 Et
575 1792 747 1861 primo
786 1788 1006 1862 quidem
1043 1808 1154 1845 non
1190 1791 1441 1847 videmus
1479 1808 1571 1846 eos
1610 1791 1769 1847 nobis
1806 1790 2071 1864 quaedam
2110 1790 2270 1845 attri-

370 1871 506 1925 buta
541 1870 628 1925 vel
667 1871 1028 1941 proprietates
1065 1872 1226 1934 dare,
1266 1890 1363 1943 per
1388 1890 1527 1943 quae
1555 1888 1639 1926 res
1670 1872 1728 1938 (i.
1760 1890 1807 1925 e.
1840 1871 2018 1941 Deus)
2046 1886 2277 1940 cognos-

371 1954 546 2015 citur,
587 1952 680 2006 sed
722 1957 934 2005 tantum
974 1952 1242 2021 quaedam
1280 1953 1329 2007 ei
1363 1950 1612 2023 propria,
1652 1969 1791 2023 quae
1818 1951 2035 2023 quidem
2063 1951 2133 2004 ad
2163 1967 2275 2005 rem

367 2031 608 2103 aliquam
665 2031 940 2101 pertinent
979 2048 1257 2103 nunquam
1302 2048 1431 2085 vero
1469 2030 1748 2101 explicant
1784 2030 1917 2103 quid
1957 2046 2149 2085 revera
2189 2030 2276 2085 sit.

368 2111 490 2167 Etsi
529 2111 671 2165 enim
712 2128 807 2181 per
844 2128 901 2165 se
938 2113 1200 2175 existere,
1262 2128 1481 2167 causam
1519 2128 1637 2165 esse
1674 2112 1947 2173 omnium,
2002 2126 2275 2164 summum

369 2195 574 2251 bonum
591 2232 610 2259 ‚
649 2199 929 2249 aeternum
949 2237 962 2257 ,
993 2192 1390 2249 immutabilem
1409 2233 1423 2255 ,
1452 2196 1559 2247 etc.
1606 2192 1726 2247 Deo
1751 2195 1965 2246 tantum
1992 2191 2272 2262 proprium

368 2276 474 2335 sit.
535 2292 646 2328 non
701 2279 886 2329 tamen
947 2273 1096 2329 hisce
1153 2271 1579 2344 proprietatibus
1636 2271 1774 2327 scire
1813 2287 2101 2341 possumus
2138 2268 2271 2341 quid

373 2372 469 2420 ens
508 2354 648 2409 illud
689 2355 793 2418 sit,
833 2359 891 2409 et
927 2370 1195 2427 quaenam
1232 2351 1502 2407 attributa
1539 2352 1737 2407 habeat
1773 2350 1844 2405 ad
1881 2368 2021 2423 quae
2053 2350 2274 2421 propria

368 2436 467 2491 illa
504 2435 834 2507 pertineant.

436 2595 672 2665 Tempus
709 2594 873 2649 etiam
911 2592 1017 2647 erit
1053 2590 1460 2662 contemplandi
1498 2608 1584 2645 res
1620 2606 1755 2661 quas
1794 2589 1913 2645 Deo
1952 2587 2269 2643 attribuunt

363 2690 613 2747 quaeque
652 2678 836 2728 tamen
875 2673 943 2728 ad
989 2688 1108 2726 eum
1148 2687 1260 2727 non
1298 2670 1577 2743 pertinent
1603 2672 1679 2739 ¹),
1722 2670 1804 2725 uti
1830 2668 1975 2741 quod
2002 2668 2075 2723 sit
2098 2667 2273 2723 omni·

365 2754 576 2821 sciens.
638 2756 886 2825 sapiens,
949 2752 1286 2817 misericors,
1349 2754 1485 2814 etc.;
1544 2768 1682 2822 quae
1721 2766 1835 2816 res,
1895 2748 2095 2821 quippe
2130 2746 2268 2803 certi

427 3016 478 3072 1)
525 3014 740 3073 Intellige
767 3030 868 3062 enm
899 3016 1075 3063 ratione
1104 3014 1305 3061 omnium
1337 3027 1451 3071 quae
1480 3016 1550 3058 est
1566 3046 1579 3070 ,
1612 3012 1684 3060 vel
1708 3011 1907 3059 omnium
1922 3010 2269 3066 attributorum3

380 3085 487 3132 vide
516 3100 619 3145 pag.
649 3086 996 3145 praecedentem.
