2432 3554
1229 210 1346 269 354

340 377 452 432 tius
490 373 829 430 extrinsecus
864 373 1018 446 quasi
1057 372 1388 435 adveniunt,
1447 371 1689 443 adeoque
1715 369 2095 429 tantummodo
2110 387 2239 440 per-

337 457 599 527 cipiuntur
652 472 761 509 non
810 472 940 509 vero
974 453 1326 523 concipiuntur
1328 491 1511 509 ..........
1586 451 1735 510 Quia
1770 454 1951 504 autem
1992 465 2058 503 ea
2094 465 2241 522 quae

342 537 732 607 imaginamur,
774 534 1099 606 quandoque
1139 537 1368 604 possunt
1405 532 1650 602 concipi,
1689 530 2016 602 quandoque
2041 529 2235 584 nullus

338 616 406 668 de
460 615 529 670 iis
590 615 815 668 habetur
875 618 1202 685 conceptuS,
1264 611 1445 683 magni
1503 612 1666 666 refert
1721 629 1787 664 ne
1826 609 1972 682 quod
2010 613 2237 664 tantum

337 696 726 766 imaginamur,
778 710 900 748 cum
927 711 990 748 eo
1015 694 1161 765 quod
1189 691 1525 761 concipimus
1550 689 1965 746 confundamus.
2006 689 2243 760 Quippe

339 775 466 830 hinc
503 773 662 829 facilc
707 773 910 845 poterit
947 774 1095 836 fieri,
1159 776 1223 826 ut
1258 770 1522 862 quaedam
1560 788 1592 825 a
1630 768 1786 825 nobis
1823 768 2038 839 concipi
2076 775 2247 840 pute·

337 873 492 918 mus,
548 871 685 926 quae
745 870 932 907 revera
985 857 1199 907 tantum
1256 851 1617 922 imaginamur
1654 849 1705 906 h.
1747 867 1795 903 e.
1845 851 1909 903 ut
1944 849 2243 904 credamus

335 934 494 990 nobis
550 934 814 1006 quaedam
865 951 980 987 esse
1037 937 1204 997 nota,
1262 948 1401 1003 quae
1456 935 1639 986 tamen
1686 931 1874 1002 ignota
1912 931 2105 986 sunt?
2176 931 2233 986 li

333 1018 464 1068 vero
513 1014 607 1085 qui
663 1030 819 1078 ‚,reS‚
881 1013 962 1066 uti
1014 1013 1229 1066 easdem
1286 1011 1691 1082 imaginantur,
1749 1009 2099 1082 conjungunt
2134 1013 2237 1064 aut

334 1092 660 1164 disjungunt
685 1135 698 1152 ‚
764 1093 810 1147 si
867 1110 1050 1146 earum
1112 1095 1388 1147 tentarent
1445 1091 1677 1145 formare
1714 1095 2044 1162 conceptus»,
2110 1090 2233 1162 ipso

333 1179 534 1228 eventu
573 1175 969 1245 perspicerent,
1014 1191 1070 1227 se
1107 1191 1198 1227 eas
1237 1171 1324 1226 vel
1361 1189 1517 1242 posse
1556 1175 1769 1226 tantum
1810 1171 1897 1224 vel
1936 1189 2048 1226 non
2074 1187 2236 1242 posse

333 1253 700 1324 conjungere.
761 1257 925 1325 atque
981 1252 1060 1307 ita
1115 1269 1147 1306 a
1207 1253 1337 1308 ficta
1373 1253 1650 1326 dubiaque
1687 1253 2004 1325 cognitione
2042 1253 2235 1309 libera·

332 1334 556 1386 rentur”
566 1372 699 1388 .......
775 1334 892 1386 Nec
931 1331 1127 1386 mirum
1169 1331 1387 1402 ingenia
1424 1333 1509 1386 vel
1550 1334 2024 1406 praestantissima
2060 1351 2229 1406 quan·

330 1413 509 1482 doque
557 1429 801 1474 errasse,
861 1415 986 1465 utut
1033 1409 1286 1465 veritatis
1351 1413 1595 1486 cognitio
1656 1414 1727 1467 sit
1782 1412 2207 1483 simplicissima,

332 1492 648 1561 concr'joiendi
703 1490 898 1559 (enim)
949 1489 1182 1544 facultas
1223 1508 1330 1545 non
1370 1491 1486 1547 sola
1526 1496 1583 1548 in
1624 1493 1778 1547 nobis
1816 1499 1903 1547 est
1942 1523 2017 1537 -—-
2052 1486 2208 1546 vetuti

336 1575 466 1626 haec
505 1573 620 1626 sola
658 1569 860 1642 absque
900 1568 1289 1640 imaginatione
1327 1572 1517 1626 existit
1562 1573 1619 1628 iu
1659 1574 1837 1626 mente
1876 1571 2101 1626 infinita
2134 1585 2217 1626 seu

333 1654 450 1708 Deo
467 1696 480 1714 ,
522 1653 616 1724 qui
643 1652 730 1706 vel
757 1651 878 1706 ideo
905 1669 1080 1706 errare
1107 1669 1216 1706 non
1241 1655 1456 1724 potest:
1499 1683 1571 1692 —
1597 1653 1689 1706 sed
1716 1651 1879 1706 etiam
1907 1651 2227 1722 ima-qinon&

332 1733 600 1789 facultas.
641 1731 1094 1805 quemadmodum
1136 1733 1398 1788 mentium
1436 1731 1713 1786 finitarum
1752 1731 2003 1788 conditio
2041 1749 2103 1787 sc
2143 1733 2223 1787 hai

332 1814 452 1875 bet,
512 1813 664 1867 nobis
721 1815 898 1877 inest,
961 1830 1023 1868 ac
1078 1814 1242 1885 proin
1280 1813 1348 1866 ab
1386 1812 1627 1865 externis
1664 1810 2058 1882 impressiones
2093 1812 2229 1885 paui

331 1894 503 1949 mur.’'
571 1894 735 1953 Quod
775 1894 862 1947 hic
900 1892 966 1946 de
1003 1892 1121 1946 Deo
1160 1891 1407 1947 additum
1447 1890 1697 1945 videmus
1736 1890 1935 1945 deinde
1972 1893 2034 1947 in
2064 1893 2231 1948 Leib-

328 1974 630 2027 nitzianum
669 1974 890 2027 omnino
927 1974 1094 2026 vertit
1133 1988 1381 2031 sensum.
1430 1986 1539 2033 „ea
1577 1987 1674 2041 pro
1710 1972 1956 2025 omnium
1984 1971 2226 2041 certissis'

329 2053 430 2106 mis
486 2052 643 2107 nobis
702 2051 948 2107 habenda
1004 2054 1152 2106 csse”
1199 2053 1389 2106 dicens
1431 2067 1621 2121 „quae
1657 2068 1689 2103 a
1728 2048 1878 2112 Deo,
1939 2050 2040 2122 qui
2075 2051 2233 2106 solus

329 2130 470 2185 nulli
509 2130 777 2184 obnoxius
817 2134 898 2183 est
936 2130 1134 2194 errori,
1179 2128 1543 2185 revelantur?

396 2210 526 2283 Ipsa
581 2228 708 2264 vero
763 2210 1026 2281 Spinozac
1065 2210 1233 2263 verba
1272 2210 1519 2266 adhibita
1560 2226 1749 2265 rursus
1786 2209 2073 2273 videmus,
2133 2210 2228 2265 ubi

323 2292 391 2346 de
429 2291 677 2345 veritatis
715 2288 1122 2383 cognoscendae
1165 2290 1356 2351 mediis
1394 2290 1663 2361 legimus,
1726 2290 1865 2354 „ubi
1902 2294 2101 2345 notum
2144 2292 2227 2345 esf

322 2390 432 2427 rem
474 2388 630 2444 posse
669 2370 881 2443 concipi
919 2373 1016 2424 aut
1055 2387 1164 2425 non
1201 2388 1394 2441 posse,
1439 2369 1516 2423 nil
1557 2368 1791 2443 amplius
1812 2374 1997 2441 potest
2013 2370 2231 2425 deside

325 2452 432 2506 rari
469 2451 538 2505 ad
578 2468 688 2504 rem
727 2468 841 2503 eam
885 2450 1077 2504 melius
1116 2448 1537 2521 intelligendam
1580 2468 1675 2504 seu
1713 2448 2231 2520 concipiendam...»

322 2532 440 2586 Nec
495 2529 611 2584 ulla
663 2531 876 2583 ratione
932 2530 1122 2593 video,
1184 2532 1387 2601 quidve
1425 2530 1627 2587 clarius
1665 2532 1864 2602 quidve
1903 2530 2229 2587 distinctius

322 2611 420 2666 tali
461 2610 775 2681 cognitione
815 2628 930 2664 esse
963 2611 1168 2681 possit;
1212 2629 1311 2667 nec
1338 2613 1502 2667 etiam
1532 2612 1795 2683 conjicio,
1839 2628 2010 2683 quare
2037 2610 2231 2665 meiior

325 2691 573 2745 veritatis
613 2693 710 2743 aut
747 2689 1005 2744 falsitatis
1046 2692 1349 2745 noscendae
1389 2693 1461 2746 sit
1494 2690 1802 2762 exoptanda
1826 2706 2040 2749 norma.
2082 2692 2227 2747 Natu

325 2777 469 2827 certe
489 2812 502 2831 ‚
561 2771 718 2824 sicuti
754 2771 842 2823 lux
878 2788 931 2823 se
969 2770 1126 2839 ipsam
1164 2772 1494 2843 tenebrasque
1528 2772 1854 2843 manifestat,
1912 2772 1994 2827 sic
2031 2772 2231 2825 veritae

325 2852 409 2904 sui
442 2854 494 2903 et
514 2850 664 2920 salsi
699 2853 777 2903 est
812 2867 1014 2913 norma;
1071 2850 1173 2905 hoc
1211 2854 1322 2905 est:
1380 2851 1524 2923 quod
1565 2868 1689 2904 vere
1730 2851 2073 2921 concipitur.
2112 2866 2227 2905 non

326 2936 540 2983 tantum
599 2928 828 2983 affirmat
885 2929 938 2983 id
997 2946 1060 2981 eo
1100 2929 1220 2999 ipso
1259 2948 1373 2984 esse
1412 2930 1671 3001 possibile
1712 2947 1805 2984 seu
1842 2946 2068 2993 verum,
2132 2928 2229 2985 sed

325 3007 487 3063 simul
525 3007 789 3070 ostendit,
841 3008 959 3079 ejus
1015 3009 1347 3063 contrarium
1405 3028 1467 3065 eo
1528 3012 1645 3081 ipso
1702 3028 1810 3064 non
1846 3028 2007 3081 posse
2043 3008 2227 3066 conci*

323 3090 412 3162 pi,
456 3091 511 3142 et
547 3105 642 3158 per
679 3105 1046 3161 consequens,
1092 3090 1427 3160 impossibile
1466 3108 1562 3144 seu
1602 3090 1797 3145 falsum
1839 3091 2018 3145 esse.”
