2432 3554
1211 170 1331 230 348

329 348 439 386 non
475 331 534 385 in
571 329 748 386 lucem
787 329 1127 386 deducentur
1161 333 1232 387 ab
1278 331 1427 398 ullo,
1483 349 1839 404 quaecunque
1877 333 2119 388 felicitas
2152 335 2225 404 ijs

327 410 620 483 obtigerit;
673 410 818 481 quod
856 411 1134 465 Cartesius
1171 411 1375 484 optime
1412 419 1671 476 noverat,
1714 413 1859 467 unde
1896 412 2037 468 dicit
2074 413 2221 485 quod

327 491 593 562 quaedam
643 491 756 543 sint
791 490 1175 560 investiganda
1212 509 1411 562 magna
1448 492 1700 555 solertia,
1758 510 1899 563 quae
1936 511 2223 566 nunquam

331 587 388 625 se
431 586 562 624 casu
599 569 870 622 offerrent.
949 568 1122 623 Crede
1161 571 1331 635 mihi,
1388 571 1446 626 in
1484 572 1733 627 Cartesio
1770 571 1945 628 multa
1984 577 2224 638 extant,

329 667 470 722 quae
521 647 616 703 vix
670 649 793 719 puri
849 647 1154 704 Cartesiani
1213 651 1545 722 percipient,
1604 651 1803 724 vixque
1840 651 1909 707 ab
1952 651 2069 708 ullo
2108 653 2225 708 alio

329 730 436 784 nisi
471 728 596 800 quis
632 745 696 782 eo
735 728 1066 798 cognitionis
1105 731 1432 801 pervenerit.

395 809 612 874 „Porro
647 807 706 862 in
732 807 816 862 his
839 837 911 848 --
936 813 1134 864 terram
1161 827 1279 863 esse
1305 810 1661 880 perituram.'’
1698 811 1767 865 Id
1790 810 1935 882 quod
1964 810 2225 868 absolute

325 888 600 945 infinitum
657 891 740 941 est
797 887 970 941 solum
1011 905 1120 943 non
1159 894 1341 959 potest
1377 889 1583 959 perire,
1632 907 1757 944 nam
1794 890 2061 944 interitus
2100 891 2225 960 ejus

321 960 368 1016 si
403 961 587 1024 fieret,
639 976 749 1028 non
786 963 968 1029 posset
1003 960 1119 1014 fieri
1159 961 1266 1016 nisi
1306 978 1337 1014 a
1375 977 1431 1014 re
1469 964 1724 1023 exterua;
1759 961 1873 1031 jam
1914 977 2045 1015 vero
2088 967 2220 1018 actu

321 1040 596 1096 infinitum
654 1037 868 1092 nullum
923 1043 1210 1094 externum
1270 1039 1461 1100 habet:
1524 1039 1651 1096 hinc
1706 1043 1929 1096 econtra
1968 1042 2223 1112 sequitur

321 1119 504 1174 omnia
555 1117 713 1172 finita
766 1118 1017 1174 interitui
1073 1136 1190 1174 esse
1246 1119 1515 1181 obnoxia;
1594 1121 1940 1175 conservatio
1992 1119 2218 1176 illorum

317 1201 516 1257 etenim
574 1199 844 1270 dependet
891 1198 960 1253 ab
997 1216 1098 1263 eo,
1155 1199 1303 1270 quod
1342 1199 1484 1253 vires
1521 1199 1769 1269 propriae
1808 1216 1934 1254 cum
1973 1201 2219 1256 externis

316 1281 375 1336 in
413 1279 734 1352 aequilibrio
773 1279 917 1343 sint,
954 1279 1197 1351 adeoque
1236 1279 1281 1333 si
1315 1283 1571 1333 externae
1596 1279 1846 1333 fortiores
1875 1280 2016 1334 fiant
2044 1279 2217 1353 (quod

315 1359 548 1414 infinitis
583 1359 650 1412 de
689 1358 868 1412 causis
905 1359 1150 1414 accidere
1188 1361 1394 1429 potest)
1422 1357 1805 1429 aequilibrium
1832 1357 2058 1413 tollitur
2088 1359 2207 1432 h.‘e.

314 1456 400 1494 res
434 1439 593 1492 finita
628 1436 961 1501 destruitur,
1020 1443 1076 1492 et
1111 1437 1259 1494 idem
1297 1437 1363 1490 de
1400 1441 1548 1492 terra
1588 1454 1696 1494 nou
1734 1437 1947 1500 solum,
2014 1435 2107 1492 sed
2140 1437 2201 1492 de

313 1517 426 1574 sole
464 1523 521 1572 et
555 1516 804 1572 absolute
841 1516 1094 1573 omnibus
1131 1515 1449 1588 corporibus
1490 1517 1729 1572 universi
1767 1535 1980 1572 verum.
2046 1517 2203 1578 Quod

311 1598 476 1654 etiam
541 1598 878 1668 experientia
939 1599 1269 1656 sufficienter
1324 1598 1641 1654 confirmat:
1720 1614 1903 1652 nonne
1961 1596 2209 1652 videmus

315 1678 504 1734 stellas
557 1679 698 1733 fixas
753 1680 1034 1752 extingui,
1113 1684 1168 1734 et
1225 1683 1521 1750 antequam
1575 1680 1975 1750 extinguantur
2030 1679 2211 1734 varias

309 1757 727 1816 colluctationes
763 1759 911 1824 fieri,
957 1762 1122 1831 prout
1158 1777 1202 1817 e.
1240 1776 1293 1830 g.
1325 1757 1525 1829 jamin
1551 1757 1715 1815 stella
1740 1757 1902 1824 Ceti,
1942 1777 2090 1831 quae
2116 1759 2209 1815 hoc

309 1855 456 1894 anno
491 1838 602 1891 fere
641 1838 832 1894 stellae
869 1840 1076 1911 primae
1115 1840 1514 1911 magnitudinis
1541 1841 1763 1905 evadit,
1803 1841 2011 1912 absque
2039 1840 2207 1897 dubio

307 1918 557 1990 sequenti
605 1924 872 1974 autumno
921 1920 1057 1975 adeo
1094 1920 1387 1977 immunita
1422 1922 1569 1985 exit,
1630 1925 1691 1976 ut
1729 1921 1851 1976 visu
1890 1938 2005 1977 non
2041 1922 2209 1995 perci-

309 2000 521 2070 piatur,
597 2004 694 2052 aut
761 2000 901 2053 forte
957 2000 1180 2070 penitus
1236 2002 1613 2073 extinguetur.
1710 2000 1931 2073 Optime
1990 2019 2208 2073 quoque

305 2079 596 2135 Aristoteli
633 2080 1094 2151 respondebatur,
1136 2082 1283 2153 quod
1322 2088 1467 2136 terra
1506 2100 1617 2135 non
1656 2082 1725 2137 ab
1762 2085 1989 2137 aeterno
2026 2087 2209 2147 esset,

304 2177 431 2215 nam
485 2159 656 2226 alias,
715 2160 844 2231 quia
899 2166 1111 2217 montes
1161 2180 1373 2233 semper
1408 2179 1472 2218 ac
1512 2180 1723 2233 semper
1758 2159 1961 2233 pluvijs
2000 2165 2062 2215 et
2100 2160 2207 2215 alia

303 2241 514 2295 ratione
551 2240 982 2305 imminuuntur,
1023 2259 1124 2297 nec
1163 2259 1333 2295 novas
1371 2246 1583 2297 montes
1609 2258 1901 2313 exsurgere
1928 2238 2200 2302 videmuS,

301 2337 420 2374 eam
470 2320 585 2389 jam
639 2319 835 2373 debere
890 2322 1196 2375 necessario
1254 2318 1505 2375 absolute
1558 2320 1853 2375 rotundam
1892 2338 2043 2383 esse:
2110 2319 2201 2377 sed

303 2400 583 2455 Cartesius
621 2399 772 2454 aliud
810 2401 942 2471 quid
980 2400 1304 2471 respondet:
1348 2398 1485 2455 dicit
1522 2400 1831 2472 siquidem:
1873 2400 1921 2455 si
1962 2400 2203 2455 mundus

297 2478 368 2534 ab
405 2482 660 2544 aeterno,
700 2478 810 2533 alia
845 2497 910 2534 ac
947 2478 1056 2535 alia
1094 2484 1240 2535 terra
1276 2480 1335 2535 in
1372 2478 1491 2550 ejus
1530 2479 1709 2536 locum
1748 2479 1815 2535 de
1852 2498 2001 2535 novo
2036 2498 2201 2551 gene-

301 2563 422 2614 rata
457 2563 618 2614 esset.
685 2559 791 2614 Sed
833 2576 939 2629 n,on
976 2564 1091 2623 est,
1131 2559 1277 2632 quod
1316 2560 1541 2622 timeas:
1584 2558 1745 2615 stella
1783 2578 1895 2615 non
1933 2566 2049 2615 tam
2088 2560 2198 2615 cito

299 2637 530 2693 moritur
565 2654 630 2693 ac
665 2638 859 2703 homo,
916 2643 1079 2709 prout
1115 2656 1265 2695 nunc
1300 2638 1551 2695 videmus
1586 2642 1647 2695 in
1684 2638 1849 2695 stella
1885 2639 2041 2703 Ceti;
2098 2655 2199 2695 neo

297 2734 512 2789 quoque
567 2718 633 2772 de
680 2722 828 2773 terra
864 2718 920 2772 id
957 2721 1070 2773 tam
1107 2719 1222 2775 cito
1258 2718 1671 2791 augurandum,
1730 2724 1845 2773 tam
1882 2720 1954 2774 ob
1994 2719 2195 2775 multas

295 2799 535 2853 rationes
589 2817 750 2871 quam
806 2798 1100 2870 imprimis,
1159 2801 1305 2871 quod
1332 2761 1671 2856 ¹:satellitum
1694 2800 1879 2855 habet.
1958 2800 2193 2873 Exeipio

298 2876 488 2931 saltem
528 2879 574 2932 si
612 2878 765 2943 Deo,
827 2884 1069 2934 extremo
1107 2898 1208 2933 suo
1240 2878 1485 2949 judicio,
1528 2879 1719 2935 mundi
1758 2880 2044 2935 machinae
2082 2880 2196 2937 rui·

295 2972 420 3009 nam
458 2956 764 3019 intimabit:
825 2958 971 3029 quod
1009 2958 1233 3030 utique,
1289 2964 1351 3013 ut
1388 2960 1527 3025 scis,
1584 2964 1741 3014 extra
1778 2965 2025 3015 nostram
2060 2977 2192 3015 con-

293 3035 610 3091 troversiam
647 3037 816 3093 cadit.
857 3068 929 3079 ·-—
965 3037 1180 3105 „Quod
1216 3038 1487 3093 infinitam
1526 3039 1881 3106 stellarum,”
1919 3044 2022 3095 etc.
2068 3039 2195 3095 Ηοο
