<?xml version="1.0" encoding="UTF-8"?>
<!DOCTYPE html PUBLIC "-//W3C//DTD XHTML 1.0 Transitional//EN"
    "http://www.w3.org/TR/xhtml1/DTD/xhtml1-transitional.dtd">
<html xmlns="http://www.w3.org/1999/xhtml" xml:lang="en" lang="en">
 <head>
  <title>
</title>
<meta http-equiv="Content-Type" content="text/html;charset=utf-8" />
  <meta name='ocr-system' content='tesseract 3.04.00' />
  <meta name='ocr-capabilities' content='ocr_page ocr_carea ocr_par ocr_line ocrx_word'/>
</head>
<body>
  <div class='ocr_page' id='page_1' title='image "benedictidespin00vlotgoog_0172.png"; bbox 0 0 2432 3554; ppageno 0'>
   <div class='ocr_carea' id='block_1_1' title="bbox 1297 164 1410 224">
    <p class='ocr_par' dir='ltr' id='par_1_1' title="bbox 1297 164 1410 224">
     <span class='ocr_line' id='line_1_1' title="bbox 1297 164 1410 224; baseline 0.018 -2"><span class='ocrx_word' id='word_1_1' title='bbox 1297 164 1410 224; x_wconf 81' lang='lat'><strong>156</strong></span> 
     </span>
    </p>
   </div>
   <div class='ocr_carea' id='block_1_2' title="bbox 394 324 2268 1194">
    <p class='ocr_par' dir='ltr' id='par_1_2' title="bbox 474 324 2260 398">
     <span class='ocr_line' id='line_1_2' title="bbox 474 324 2260 398; baseline 0.001 -19"><span class='ocrx_word' id='word_1_2' title='bbox 474 324 695 395; x_wconf 76' lang='lat' dir='ltr'><strong>Veritas</strong></span> <span class='ocrx_word' id='word_1_3' title='bbox 731 324 815 379; x_wconf 84' lang='lat' dir='ltr'><strong>vel</strong></span> <span class='ocrx_word' id='word_1_4' title='bbox 858 324 1141 382; x_wconf 68' lang='lat' dir='ltr'><strong>affirmatio</strong></span> <span class='ocrx_word' id='word_1_5' title='bbox 1178 324 1268 381; x_wconf 86' lang='lat' dir='ltr'><strong>vel</strong></span> <span class='ocrx_word' id='word_1_6' title='bbox 1306 326 1527 398; x_wconf 71' lang='lat' dir='ltr'><strong>negatio</strong></span> <span class='ocrx_word' id='word_1_7' title='bbox 1565 326 1644 382; x_wconf 85' lang='lat' dir='ltr'><strong>rei</strong></span> <span class='ocrx_word' id='word_1_8' title='bbox 1681 327 1966 396; x_wconf 73' lang='lat' dir='ltr'><strong>eujusdam</strong></span> <span class='ocrx_word' id='word_1_9' title='bbox 2001 331 2109 389; x_wconf 79' lang='lat' dir='ltr'><strong>est,</strong></span> <span class='ocrx_word' id='word_1_10' title='bbox 2140 341 2260 398; x_wconf 69' lang='lat' dir='ltr'><strong>qnae</strong></span> 
     </span>
    </p>

    <p class='ocr_par' dir='ltr' id='par_1_3' title="bbox 438 403 1105 462">
     <span class='ocr_line' id='line_1_3' title="bbox 438 403 1105 462; baseline 0.001 -3"><span class='ocrx_word' id='word_1_11' title='bbox 438 421 563 459; x_wconf 85' lang='lat' dir='ltr'><strong>eum</strong></span> <span class='ocrx_word' id='word_1_12' title='bbox 603 405 700 459; x_wconf 78' lang='lat' dir='ltr'><strong>illa</strong></span> <span class='ocrx_word' id='word_1_13' title='bbox 738 423 794 458; x_wconf 86' lang='lat' dir='ltr'><strong>re</strong></span> <span class='ocrx_word' id='word_1_14' title='bbox 832 403 1105 462; x_wconf 77' lang='lat' dir='ltr'><strong>convenit.</strong></span> 
     </span>
    </p>

    <p class='ocr_par' dir='ltr' id='par_1_4' title="bbox 402 483 2261 622">
     <span class='ocr_line' id='line_1_4' title="bbox 471 483 2261 557; baseline -0.002 -17"><span class='ocrx_word' id='word_1_15' title='bbox 471 483 713 540; x_wconf 76' lang='lat' dir='ltr'><strong>Falsitas</strong></span> <span class='ocrx_word' id='word_1_16' title='bbox 767 484 859 546; x_wconf 75' lang='lat' dir='ltr'><strong>vel</strong></span> <span class='ocrx_word' id='word_1_17' title='bbox 880 517 890 532; x_wconf 83' lang='lat'><strong>·.</strong></span> <span class='ocrx_word' id='word_1_18' title='bbox 910 483 1196 540; x_wconf 78' lang='lat' dir='ltr'><strong>affirmatio</strong></span> <span class='ocrx_word' id='word_1_19' title='bbox 1243 485 1328 539; x_wconf 83' lang='lat' dir='ltr'><strong>vel</strong></span> <span class='ocrx_word' id='word_1_20' title='bbox 1369 484 1588 555; x_wconf 80' lang='lat' dir='ltr'><strong>negatio</strong></span> <span class='ocrx_word' id='word_1_21' title='bbox 1623 489 1710 540; x_wconf 80' lang='lat' dir='ltr'><strong>est</strong></span> <span class='ocrx_word' id='word_1_22' title='bbox 1745 485 1822 538; x_wconf 87' lang='lat' dir='ltr'><strong>rei</strong></span> <span class='ocrx_word' id='word_1_23' title='bbox 1861 503 1998 557; x_wconf 86' lang='lat' dir='ltr'><strong>quae</strong></span> <span class='ocrx_word' id='word_1_24' title='bbox 2034 484 2126 540; x_wconf 76' lang='lat' dir='ltr'><strong>issa</strong></span> <span class='ocrx_word' id='word_1_25' title='bbox 2154 501 2261 542; x_wconf 73' lang='lat' dir='ltr'><strong>eum</strong></span> 
     </span>
     <span class='ocr_line' id='line_1_5' title="bbox 402 565 1230 622; baseline 0.005 -4"><span class='ocrx_word' id='word_1_26' title='bbox 402 581 460 618; x_wconf 78' lang='lat' dir='ltr'><strong>re</strong></span> <span class='ocrx_word' id='word_1_27' title='bbox 498 582 609 618; x_wconf 85' lang='lat' dir='ltr'><strong>non</strong></span> <span class='ocrx_word' id='word_1_28' title='bbox 646 565 923 620; x_wconf 85' lang='lat' dir='ltr'><strong>convenit.</strong></span> <span class='ocrx_word' id='word_1_29' title='bbox 1225 617 1230 622; x_wconf 85' lang='lat'><em>.</em></span> 
     </span>
    </p>

    <p class='ocr_par' dir='ltr' id='par_1_5' title="bbox 394 641 2268 1194">
     <span class='ocr_line' id='line_1_6' title="bbox 472 641 2264 715; baseline -0.002 -15"><span class='ocrx_word' id='word_1_30' title='bbox 472 646 611 700; x_wconf 82' lang='lat' dir='ltr'><strong>Cum</strong></span> <span class='ocrx_word' id='word_1_31' title='bbox 673 663 803 700; x_wconf 85' lang='lat' dir='ltr'><strong>vero</strong></span> <span class='ocrx_word' id='word_1_32' title='bbox 858 645 959 700; x_wconf 90' lang='lat' dir='ltr'><strong>hoe</strong></span> <span class='ocrx_word' id='word_1_33' title='bbox 998 643 1206 700; x_wconf 76' lang='lat' dir='ltr'><strong>illudve</strong></span> <span class='ocrx_word' id='word_1_34' title='bbox 1243 641 1506 700; x_wconf 84' lang='lat' dir='ltr'><strong>affirmare</strong></span> <span class='ocrx_word' id='word_1_35' title='bbox 1544 643 1632 698; x_wconf 80' lang='lat' dir='ltr'><strong>vel</strong></span> <span class='ocrx_word' id='word_1_36' title='bbox 1670 660 1866 714; x_wconf 85' lang='lat' dir='ltr'><strong>negare</strong></span> <span class='ocrx_word' id='word_1_37' title='bbox 1902 644 2016 701; x_wconf 80' lang='lat' dir='ltr'><strong>veri</strong></span> <span class='ocrx_word' id='word_1_38' title='bbox 2052 644 2264 715; x_wconf 67' lang='lat' dir='ltr'><strong>cogitan-</strong></span> 
     </span>
     <span class='ocr_line' id='line_1_7' title="bbox 394 721 2266 795; baseline 0.001 -15"><span class='ocrx_word' id='word_1_39' title='bbox 394 725 457 780; x_wconf 77' lang='lat' dir='ltr'><strong>di</strong></span> <span class='ocrx_word' id='word_1_40' title='bbox 512 725 658 783; x_wconf 86' lang='lat' dir='ltr'><strong>modi</strong></span> <span class='ocrx_word' id='word_1_41' title='bbox 696 725 835 788; x_wconf 80' lang='lat' dir='ltr'><strong>sint,</strong></span> <span class='ocrx_word' id='word_1_42' title='bbox 887 725 1033 778; x_wconf 82' lang='lat' dir='ltr'><strong>inter</strong></span> <span class='ocrx_word' id='word_1_43' title='bbox 1068 739 1254 779; x_wconf 80' lang='lat' dir='ltr'><strong>veram</strong></span> <span class='ocrx_word' id='word_1_44' title='bbox 1293 721 1590 795; x_wconf 82' lang='lat' dir='ltr'><strong>falsamque</strong></span> <span class='ocrx_word' id='word_1_45' title='bbox 1628 723 1806 778; x_wconf 86' lang='lat' dir='ltr'><strong>ideam</strong></span> <span class='ocrx_word' id='word_1_46' title='bbox 1845 723 1983 778; x_wconf 85' lang='lat' dir='ltr'>nihil</span> <span class='ocrx_word' id='word_1_47' title='bbox 2020 723 2166 780; x_wconf 79' lang='lat' dir='ltr'><strong>aliud</strong></span> <span class='ocrx_word' id='word_1_48' title='bbox 2193 724 2266 782; x_wconf 70' lang='lat' dir='ltr'><strong>in·</strong></span> 
     </span>
     <span class='ocr_line' id='line_1_8' title="bbox 399 800 2266 876; baseline -0.004 -16"><span class='ocrx_word' id='word_1_49' title='bbox 399 810 603 860; x_wconf 78' lang='lat' dir='ltr'><strong>teresse</strong></span> <span class='ocrx_word' id='word_1_50' title='bbox 641 806 895 868; x_wconf 72' lang='lat' dir='ltr'><strong>videtur,</strong></span> <span class='ocrx_word' id='word_1_51' title='bbox 938 823 1098 876; x_wconf 80' lang='lat' dir='ltr'><strong>quam</strong></span> <span class='ocrx_word' id='word_1_52' title='bbox 1140 821 1303 858; x_wconf 79' lang='lat' dir='ltr'><strong>unam</strong></span> <span class='ocrx_word' id='word_1_53' title='bbox 1344 817 1468 859; x_wconf 83' lang='lat' dir='ltr'><strong>eum</strong></span> <span class='ocrx_word' id='word_1_54' title='bbox 1493 819 1550 856; x_wconf 87' lang='lat' dir='ltr'><strong>re</strong></span> <span class='ocrx_word' id='word_1_55' title='bbox 1575 802 1901 862; x_wconf 80' lang='lat' dir='ltr'><strong>convenire,</strong></span> <span class='ocrx_word' id='word_1_56' title='bbox 1933 800 2152 858; x_wconf 75' lang='lat' dir='ltr'><strong>alteram</strong></span> <span class='ocrx_word' id='word_1_57' title='bbox 2177 817 2266 854; x_wconf 82' lang='lat' dir='ltr'><strong>nnn</strong></span> 
     </span>
     <span class='ocr_line' id='line_1_9' title="bbox 399 881 2268 956; baseline -0.004 -14"><span class='ocrx_word' id='word_1_58' title='bbox 399 886 725 944; x_wconf 78' lang='lat' dir='ltr'><strong>convenire.</strong></span> <span class='ocrx_word' id='word_1_59' title='bbox 782 903 957 956; x_wconf 85' lang='lat' dir='ltr'><strong>neque</strong></span> <span class='ocrx_word' id='word_1_60' title='bbox 1014 903 1105 940; x_wconf 84' lang='lat' dir='ltr'><strong>eas</strong></span> <span class='ocrx_word' id='word_1_61' title='bbox 1160 885 1346 956; x_wconf 76' lang='lat' dir='ltr'><strong>itaque</strong></span> <span class='ocrx_word' id='word_1_62' title='bbox 1398 881 1506 936; x_wconf 83' lang='lat' dir='ltr'><strong>nisi</strong></span> <span class='ocrx_word' id='word_1_63' title='bbox 1541 883 1778 946; x_wconf 78' lang='lat' dir='ltr'><strong>ratione,</strong></span> <span class='ocrx_word' id='word_1_64' title='bbox 1839 899 1950 936; x_wconf 87' lang='lat' dir='ltr'><strong>non</strong></span> <span class='ocrx_word' id='word_1_65' title='bbox 1985 899 2110 938; x_wconf 81' lang='lat' dir='ltr'><strong>vero</strong></span> <span class='ocrx_word' id='word_1_66' title='bbox 2143 881 2268 936; x_wconf 70' lang='lat' dir='ltr'><strong>raom</strong></span> 
     </span>
     <span class='ocr_line' id='line_1_10' title="bbox 396 961 2267 1035; baseline -0.001 -18"><span class='ocrx_word' id='word_1_67' title='bbox 396 963 631 1022; x_wconf 81' lang='lat' dir='ltr'><strong>differre.</strong></span> <span class='ocrx_word' id='word_1_68' title='bbox 687 963 853 1022; x_wconf 75' lang='lat' dir='ltr'><strong>Quod</strong></span> <span class='ocrx_word' id='word_1_69' title='bbox 892 965 938 1018; x_wconf 88' lang='lat' dir='ltr'><strong>si</strong></span> <span class='ocrx_word' id='word_1_70' title='bbox 966 963 1049 1018; x_wconf 82' lang='lat' dir='ltr'><strong>ita</strong></span> <span class='ocrx_word' id='word_1_71' title='bbox 1070 969 1244 1028; x_wconf 80' lang='lat' dir='ltr'><strong>esset,</strong></span> <span class='ocrx_word' id='word_1_72' title='bbox 1285 962 1467 1034; x_wconf 80' lang='lat' dir='ltr'><strong>rogari</strong></span> <span class='ocrx_word' id='word_1_73' title='bbox 1493 969 1701 1033; x_wconf 68' lang='lat' dir='ltr'><strong>posset:</strong></span> <span class='ocrx_word' id='word_1_74' title='bbox 1743 963 2006 1035; x_wconf 77' lang='lat' dir='ltr'><strong>quidnam</strong></span> <span class='ocrx_word' id='word_1_75' title='bbox 2027 961 2267 1035; x_wconf 63' lang='lat' dir='ltr'><strong>eommodi</strong></span> 
     </span>
     <span class='ocr_line' id='line_1_11' title="bbox 394 1042 2268 1114; baseline 0.001 -18"><span class='ocrx_word' id='word_1_76' title='bbox 394 1043 653 1098; x_wconf 83' lang='lat' dir='ltr'><strong>damnive</strong></span> <span class='ocrx_word' id='word_1_77' title='bbox 680 1047 913 1114; x_wconf 78' lang='lat' dir='ltr'><strong>utraque</strong></span> <span class='ocrx_word' id='word_1_78' title='bbox 938 1061 1039 1100; x_wconf 83' lang='lat' dir='ltr'><strong>sua</strong></span> <span class='ocrx_word' id='word_1_79' title='bbox 1058 1043 1171 1098; x_wconf 86' lang='lat' dir='ltr'><strong>sive</strong></span> <span class='ocrx_word' id='word_1_80' title='bbox 1194 1044 1424 1098; x_wconf 75' lang='lat' dir='ltr'><strong>veritate</strong></span> <span class='ocrx_word' id='word_1_81' title='bbox 1445 1044 1558 1097; x_wconf 82' lang='lat' dir='ltr'><strong>sive</strong></span> <span class='ocrx_word' id='word_1_82' title='bbox 1579 1042 1819 1100; x_wconf 65' lang='lat' dir='ltr'><strong>falsitate</strong></span> <span class='ocrx_word' id='word_1_83' title='bbox 1841 1043 2072 1098; x_wconf 76' lang='lat' dir='ltr'><strong>habeat?</strong></span> <span class='ocrx_word' id='word_1_84' title='bbox 2109 1043 2268 1109; x_wconf 72' lang='lat' dir='ltr'><strong>Atque</strong></span> 
     </span>
     <span class='ocr_line' id='line_1_12' title="bbox 394 1121 2268 1194; baseline -0.003 -16"><span class='ocrx_word' id='word_1_85' title='bbox 394 1123 595 1186; x_wconf 84' lang='lat' dir='ltr'><strong>etiam,</strong></span> <span class='ocrx_word' id='word_1_86' title='bbox 642 1123 913 1194; x_wconf 82' lang='lat' dir='ltr'><strong>quomodo</strong></span> <span class='ocrx_word' id='word_1_87' title='bbox 952 1128 1183 1194; x_wconf 77' lang='lat' dir='ltr'><strong>utraque</strong></span> <span class='ocrx_word' id='word_1_88' title='bbox 1220 1129 1512 1194; x_wconf 74' lang='lat' dir='ltr'><strong>cognoscet</strong></span> <span class='ocrx_word' id='word_1_89' title='bbox 1549 1141 1702 1178; x_wconf 82' lang='lat' dir='ltr'><strong>suam</strong></span> <span class='ocrx_word' id='word_1_90' title='bbox 1739 1123 2140 1194; x_wconf 76' lang='lat' dir='ltr'><strong>perceptionem</strong></span> <span class='ocrx_word' id='word_1_91' title='bbox 2171 1121 2268 1176; x_wconf 80' lang='lat' dir='ltr'><strong>sive</strong></span> 
     </span>
    </p>
   </div>
   <div class='ocr_carea' id='block_1_3' title="bbox 310 1201 2266 1276">
    <p class='ocr_par' dir='ltr' id='par_1_6' title="bbox 310 1201 2266 1276">
     <span class='ocr_line' id='line_1_13' title="bbox 310 1201 2266 1276; baseline -0.002 -17"><span class='ocrx_word' id='word_1_92' title='bbox 310 1203 327 1224; x_wconf 69' lang='lat'>²</span> <span class='ocrx_word' id='word_1_93' title='bbox 394 1204 575 1260; x_wconf 83' lang='lat' dir='ltr'><strong>ideam</strong></span> <span class='ocrx_word' id='word_1_94' title='bbox 614 1205 787 1276; x_wconf 79' lang='lat' dir='ltr'><strong>magis</strong></span> <span class='ocrx_word' id='word_1_95' title='bbox 822 1219 989 1276; x_wconf 80' lang='lat' dir='ltr'><strong>quam·</strong></span> <span class='ocrx_word' id='word_1_96' title='bbox 1010 1206 1238 1262; x_wconf 79' lang='lat' dir='ltr'><strong>alterius</strong></span> <span class='ocrx_word' id='word_1_97' title='bbox 1258 1223 1380 1260; x_wconf 83' lang='lat' dir='ltr'><strong>eum</strong></span> <span class='ocrx_word' id='word_1_98' title='bbox 1409 1203 1571 1258; x_wconf 80' lang='lat' dir='ltr'><strong>rebus</strong></span> <span class='ocrx_word' id='word_1_99' title='bbox 1597 1203 2026 1264; x_wconf 73' lang='lat' dir='ltr'><strong>conventuram?</strong></span> <span class='ocrx_word' id='word_1_100' title='bbox 2061 1206 2118 1258; x_wconf 68' lang='lat' dir='ltr'><strong>et</strong></span> <span class='ocrx_word' id='word_1_101' title='bbox 2139 1201 2266 1256; x_wconf 79' lang='lat' dir='ltr'><strong>deni-</strong></span> 
     </span>
    </p>
   </div>
   <div class='ocr_carea' id='block_1_4' title="bbox 392 1281 2266 2377">
    <p class='ocr_par' dir='ltr' id='par_1_7' title="bbox 392 1281 2266 2233">
     <span class='ocr_line' id='line_1_14' title="bbox 395 1281 2266 1355; baseline -0.002 -17"><span class='ocrx_word' id='word_1_102' title='bbox 395 1302 503 1355; x_wconf 85' lang='lat' dir='ltr'><strong>que</strong></span> <span class='ocrx_word' id='word_1_103' title='bbox 543 1284 687 1339; x_wconf 82' lang='lat' dir='ltr'><strong>unde</strong></span> <span class='ocrx_word' id='word_1_104' title='bbox 712 1285 1003 1355; x_wconf 77' lang='lat' dir='ltr'><strong>procedat,</strong></span> <span class='ocrx_word' id='word_1_105' title='bbox 1044 1303 1210 1342; x_wconf 85' lang='lat' dir='ltr'><strong>unum</strong></span> <span class='ocrx_word' id='word_1_106' title='bbox 1239 1301 1338 1340; x_wconf 82' lang='lat' dir='ltr'><strong>nee</strong></span> <span class='ocrx_word' id='word_1_107' title='bbox 1363 1301 1491 1338; x_wconf 86' lang='lat' dir='ltr'><strong>vero</strong></span> <span class='ocrx_word' id='word_1_108' title='bbox 1517 1281 1750 1338; x_wconf 83' lang='lat' dir='ltr'><strong>alterum</strong></span> <span class='ocrx_word' id='word_1_109' title='bbox 1777 1283 1996 1338; x_wconf 77' lang='lat' dir='ltr'><strong>errare?</strong></span> <span class='ocrx_word' id='word_1_110' title='bbox 2035 1283 2124 1338; x_wconf 85' lang='lat' dir='ltr'><strong>Ad</strong></span> <span class='ocrx_word' id='word_1_111' title='bbox 2145 1281 2266 1352; x_wconf 84' lang='lat' dir='ltr'><strong>quod</strong></span> 
     </span>
     <span class='ocr_line' id='line_1_15' title="bbox 395 1361 2262 1435; baseline -0.003 -17"><span class='ocrx_word' id='word_1_112' title='bbox 395 1363 871 1435; x_wconf 78' lang='lat' dir='ltr'><strong>respondebimus:</strong></span> <span class='ocrx_word' id='word_1_113' title='bbox 911 1382 996 1420; x_wconf 82' lang='lat' dir='ltr'><strong>res</strong></span> <span class='ocrx_word' id='word_1_114' title='bbox 1034 1365 1364 1422; x_wconf 79' lang='lat' dir='ltr'><strong>clarissimas</strong></span> <span class='ocrx_word' id='word_1_115' title='bbox 1403 1379 1512 1418; x_wconf 87' lang='lat' dir='ltr'><strong>non</strong></span> <span class='ocrx_word' id='word_1_116' title='bbox 1548 1380 1608 1416; x_wconf 84' lang='lat' dir='ltr'><strong>se</strong></span> <span class='ocrx_word' id='word_1_117' title='bbox 1641 1361 1985 1418; x_wconf 44' lang='lat' dir='ltr'><strong>solummodo&lt;</strong></span> <span class='ocrx_word' id='word_1_118' title='bbox 2007 1362 2100 1419; x_wconf 76' lang='lat' dir='ltr'><strong>sod</strong></span> <span class='ocrx_word' id='word_1_119' title='bbox 2123 1362 2262 1418; x_wconf 76' lang='lat' dir='ltr'><strong>etiam</strong></span> 
     </span>
     <span class='ocr_line' id='line_1_16' title="bbox 399 1442 2262 1515; baseline -0.001 -19"><span class='ocrx_word' id='word_1_120' title='bbox 399 1442 701 1498; x_wconf 81' lang='lat' dir='ltr'><strong>falsitatem</strong></span> <span class='ocrx_word' id='word_1_121' title='bbox 736 1443 1009 1506; x_wconf 75' lang='lat' dir='ltr'><strong>indicare:</strong></span> <span class='ocrx_word' id='word_1_122' title='bbox 1052 1445 1131 1500; x_wconf 72' lang='lat' dir='ltr'><strong>ita</strong></span> <span class='ocrx_word' id='word_1_123' title='bbox 1168 1449 1230 1500; x_wconf 81' lang='lat' dir='ltr'><strong>ut</strong></span> <span class='ocrx_word' id='word_1_124' title='bbox 1269 1461 1465 1515; x_wconf 81' lang='lat' dir='ltr'><strong>magna</strong></span> <span class='ocrx_word' id='word_1_125' title='bbox 1489 1446 1632 1496; x_wconf 78' lang='lat' dir='ltr'><strong>esset</strong></span> <span class='ocrx_word' id='word_1_126' title='bbox 1655 1442 1900 1498; x_wconf 77' lang='lat' dir='ltr'><strong>stultitia</strong></span> <span class='ocrx_word' id='word_1_127' title='bbox 1924 1459 2128 1513; x_wconf 79' lang='lat' dir='ltr'><strong>rogare,</strong></span> <span class='ocrx_word' id='word_1_128' title='bbox 2157 1455 2262 1512; x_wconf 74' lang='lat' dir='ltr'><strong>quo-</strong></span> 
     </span>
     <span class='ocr_line' id='line_1_17' title="bbox 401 1520 2264 1595; baseline -0.002 -20"><span class='ocrx_word' id='word_1_129' title='bbox 401 1522 561 1576; x_wconf 83' lang='lat' dir='ltr'><strong>modo</strong></span> <span class='ocrx_word' id='word_1_130' title='bbox 614 1539 801 1576; x_wconf 84' lang='lat' dir='ltr'><strong>earum</strong></span> <span class='ocrx_word' id='word_1_131' title='bbox 854 1525 1062 1580; x_wconf 80' lang='lat' dir='ltr'><strong>conscii</strong></span> <span class='ocrx_word' id='word_1_132' title='bbox 1098 1542 1215 1580; x_wconf 78' lang='lat' dir='ltr'><strong>esse</strong></span> <span class='ocrx_word' id='word_1_133' title='bbox 1247 1523 1568 1595; x_wconf 78' lang='lat' dir='ltr'><strong>possemus?</strong></span> <span class='ocrx_word' id='word_1_134' title='bbox 1617 1539 1742 1576; x_wconf 84' lang='lat' dir='ltr'><strong>oum</strong></span> <span class='ocrx_word' id='word_1_135' title='bbox 1781 1522 1926 1576; x_wconf 87' lang='lat' dir='ltr'><strong>enim</strong></span> <span class='ocrx_word' id='word_1_136' title='bbox 1961 1520 2264 1581; x_wconf 73' lang='lat' dir='ltr'><strong>clarissimae</strong></span> 
     </span>
     <span class='ocr_line' id='line_1_18' title="bbox 392 1601 2262 1675; baseline -0.001 -20"><span class='ocrx_word' id='word_1_137' title='bbox 392 1601 685 1667; x_wconf 80' lang='lat' dir='ltr'><strong>dieantur,</strong></span> <span class='ocrx_word' id='word_1_138' title='bbox 727 1603 935 1658; x_wconf 79' lang='lat' dir='ltr'><strong>nullam</strong></span> <span class='ocrx_word' id='word_1_139' title='bbox 974 1609 1119 1658; x_wconf 83' lang='lat' dir='ltr'><strong>eerte</strong></span> <span class='ocrx_word' id='word_1_140' title='bbox 1156 1604 1268 1659; x_wconf 89' lang='lat' dir='ltr'><strong>alia</strong></span> <span class='ocrx_word' id='word_1_141' title='bbox 1303 1604 1580 1660; x_wconf 77' lang='lat' dir='ltr'><strong>evidentia</strong></span> <span class='ocrx_word' id='word_1_142' title='bbox 1603 1621 1720 1658; x_wconf 83' lang='lat' dir='ltr'><strong>esse</strong></span> <span class='ocrx_word' id='word_1_143' title='bbox 1747 1607 1960 1674; x_wconf 74' lang='lat' dir='ltr'><strong>potest,</strong></span> <span class='ocrx_word' id='word_1_144' title='bbox 2007 1619 2112 1675; x_wconf 84' lang='lat' dir='ltr'><strong>qua</strong></span> <span class='ocrx_word' id='word_1_145' title='bbox 2135 1601 2262 1656; x_wconf 69' lang='lat' dir='ltr'><strong>illus·</strong></span> 
     </span>
     <span class='ocr_line' id='line_1_19' title="bbox 398 1679 2264 1754; baseline -0.001 -18"><span class='ocrx_word' id='word_1_146' title='bbox 398 1683 532 1736; x_wconf 73' lang='lat' dir='ltr'><strong>trari</strong></span> <span class='ocrx_word' id='word_1_147' title='bbox 572 1687 809 1752; x_wconf 77' lang='lat' dir='ltr'><strong>possent.</strong></span> <span class='ocrx_word' id='word_1_148' title='bbox 862 1683 961 1738; x_wconf 82' lang='lat' dir='ltr'><strong>Uti</strong></span> <span class='ocrx_word' id='word_1_149' title='bbox 998 1701 1127 1738; x_wconf 81' lang='lat' dir='ltr'><strong>vero</strong></span> <span class='ocrx_word' id='word_1_150' title='bbox 1162 1685 1368 1739; x_wconf 80' lang='lat' dir='ltr'><strong>veritas</strong></span> <span class='ocrx_word' id='word_1_151' title='bbox 1403 1685 1492 1738; x_wconf 86' lang='lat' dir='ltr'><strong>sui</strong></span> <span class='ocrx_word' id='word_1_152' title='bbox 1527 1683 1700 1754; x_wconf 84' lang='lat' dir='ltr'><strong>ipsius</strong></span> <span class='ocrx_word' id='word_1_153' title='bbox 1736 1688 1904 1754; x_wconf 72' lang='lat' dir='ltr'><strong>atque</strong></span> <span class='ocrx_word' id='word_1_154' title='bbox 1942 1683 2106 1738; x_wconf 76' lang='lat' dir='ltr'><strong>etiam</strong></span> <span class='ocrx_word' id='word_1_155' title='bbox 2139 1679 2264 1735; x_wconf 79' lang='lat' dir='ltr'><strong>falsi·</strong></span> 
     </span>
     <span class='ocr_line' id='line_1_20' title="bbox 396 1761 2260 1837; baseline 0.001 -22"><span class='ocrx_word' id='word_1_156' title='bbox 396 1761 541 1816; x_wconf 69' lang='lat' dir='ltr'><strong>tatis.</strong></span> <span class='ocrx_word' id='word_1_157' title='bbox 570 1761 735 1817; x_wconf 83' lang='lat' dir='ltr'><strong>index</strong></span> <span class='ocrx_word' id='word_1_158' title='bbox 772 1766 857 1817; x_wconf 77' lang='lat' dir='ltr'><strong>est</strong></span> <span class='ocrx_word' id='word_1_159' title='bbox 874 1806 887 1825; x_wconf 92' lang='lat'>,</span> <span class='ocrx_word' id='word_1_160' title='bbox 934 1761 1147 1819; x_wconf 76' lang='lat' dir='ltr'><strong>falsitas</strong></span> <span class='ocrx_word' id='word_1_161' title='bbox 1174 1784 1203 1817; x_wconf 92' lang='lat' dir='ltr'><strong>e</strong></span> <span class='ocrx_word' id='word_1_162' title='bbox 1231 1766 1506 1821; x_wconf 81' lang='lat' dir='ltr'><strong>contrario</strong></span> <span class='ocrx_word' id='word_1_163' title='bbox 1533 1784 1811 1837; x_wconf 84' lang='lat' dir='ltr'><strong>nunquam</strong></span> <span class='ocrx_word' id='word_1_164' title='bbox 1839 1782 1935 1835; x_wconf 84' lang='lat' dir='ltr'><strong>per</strong></span> <span class='ocrx_word' id='word_1_165' title='bbox 1961 1783 2018 1821; x_wconf 84' lang='lat' dir='ltr'><strong>se</strong></span> <span class='ocrx_word' id='word_1_166' title='bbox 2044 1763 2260 1819; x_wconf 77' lang='lat' dir='ltr'><strong>manifes-</strong></span> 
     </span>
     <span class='ocr_line' id='line_1_21' title="bbox 394 1842 2260 1917; baseline -0.001 -23"><span class='ocrx_word' id='word_1_167' title='bbox 394 1842 503 1896; x_wconf 72' lang='lat' dir='ltr'><strong>tari</strong></span> <span class='ocrx_word' id='word_1_168' title='bbox 542 1842 863 1913; x_wconf 84' lang='lat' dir='ltr'><strong>ostendique</strong></span> <span class='ocrx_word' id='word_1_169' title='bbox 901 1847 1113 1914; x_wconf 74' lang='lat' dir='ltr'><strong>potest:</strong></span> <span class='ocrx_word' id='word_1_170' title='bbox 1154 1862 1320 1916; x_wconf 84' lang='lat' dir='ltr'><strong>quare</strong></span> <span class='ocrx_word' id='word_1_171' title='bbox 1345 1849 1394 1902; x_wconf 89' lang='lat' dir='ltr'><strong>is</strong></span> <span class='ocrx_word' id='word_1_172' title='bbox 1419 1846 1517 1917; x_wconf 89' lang='lat' dir='ltr'><strong>qui</strong></span> <span class='ocrx_word' id='word_1_173' title='bbox 1542 1846 1829 1901; x_wconf 75' lang='lat' dir='ltr'><strong>veritatem</strong></span> <span class='ocrx_word' id='word_1_174' title='bbox 1855 1844 2019 1901; x_wconf 83' lang='lat' dir='ltr'><strong>habet</strong></span> <span class='ocrx_word' id='word_1_175' title='bbox 2041 1843 2260 1899; x_wconf 76' lang='lat' dir='ltr'><strong>dubitare</strong></span> 
     </span>
     <span class='ocr_line' id='line_1_22' title="bbox 398 1919 2260 1995; baseline 0 -20"><span class='ocrx_word' id='word_1_176' title='bbox 398 1922 590 1991; x_wconf 74' lang='lat' dir='ltr'><strong>nequit</strong></span> <span class='ocrx_word' id='word_1_177' title='bbox 644 1938 763 1975; x_wconf 87' lang='lat' dir='ltr'><strong>eam</strong></span> <span class='ocrx_word' id='word_1_178' title='bbox 819 1940 875 1975; x_wconf 80' lang='lat' dir='ltr'><strong>se</strong></span> <span class='ocrx_word' id='word_1_179' title='bbox 914 1922 1142 1986; x_wconf 83' lang='lat' dir='ltr'><strong>habere;</strong></span> <span class='ocrx_word' id='word_1_180' title='bbox 1194 1940 1320 1979; x_wconf 83' lang='lat' dir='ltr'><strong>eum</strong></span> <span class='ocrx_word' id='word_1_181' title='bbox 1357 1944 1386 1979; x_wconf 84' lang='lat' dir='ltr'><strong>e</strong></span> <span class='ocrx_word' id='word_1_182' title='bbox 1424 1925 1698 1979; x_wconf 73' lang='lat' dir='ltr'><strong>contrario</strong></span> <span class='ocrx_word' id='word_1_183' title='bbox 1735 1923 1860 1987; x_wconf 85' lang='lat' dir='ltr'><strong>ille,</strong></span> <span class='ocrx_word' id='word_1_184' title='bbox 1917 1924 2011 1995; x_wconf 79' lang='lat' dir='ltr'><strong>qui</strong></span> <span class='ocrx_word' id='word_1_185' title='bbox 2049 1924 2104 1979; x_wconf 86' lang='lat' dir='ltr'><strong>in</strong></span> <span class='ocrx_word' id='word_1_186' title='bbox 2135 1919 2260 1977; x_wconf 79' lang='lat' dir='ltr'><strong>falsi·-</strong></span> 
     </span>
     <span class='ocr_line' id='line_1_23' title="bbox 396 1997 2260 2074; baseline -0.001 -19"><span class='ocrx_word' id='word_1_187' title='bbox 396 2004 515 2055; x_wconf 72' lang='lat' dir='ltr'><strong>tate</strong></span> <span class='ocrx_word' id='word_1_188' title='bbox 556 2000 645 2055; x_wconf 79' lang='lat' dir='ltr'><strong>vel</strong></span> <span class='ocrx_word' id='word_1_189' title='bbox 684 2016 863 2055; x_wconf 80' lang='lat' dir='ltr'><strong>errore</strong></span> <span class='ocrx_word' id='word_1_190' title='bbox 900 2007 1011 2064; x_wconf 86' lang='lat' dir='ltr'><strong>est,</strong></span> <span class='ocrx_word' id='word_1_191' title='bbox 1052 2003 1266 2073; x_wconf 88' lang='lat' dir='ltr'><strong>opinari</strong></span> <span class='ocrx_word' id='word_1_192' title='bbox 1302 2007 1484 2074; x_wconf 77' lang='lat' dir='ltr'><strong>potest</strong></span> <span class='ocrx_word' id='word_1_193' title='bbox 1519 2022 1576 2059; x_wconf 86' lang='lat' dir='ltr'><strong>se</strong></span> <span class='ocrx_word' id='word_1_194' title='bbox 1613 2003 1902 2059; x_wconf 81' lang='lat' dir='ltr'><strong>veritatem</strong></span> <span class='ocrx_word' id='word_1_195' title='bbox 1941 2000 2157 2063; x_wconf 81' lang='lat' dir='ltr'><strong>habere;</strong></span> <span class='ocrx_word' id='word_1_196' title='bbox 2193 1997 2260 2053; x_wconf 78' lang='lat' dir='ltr'><strong>uti</strong></span> 
     </span>
     <span class='ocr_line' id='line_1_24' title="bbox 397 2080 2260 2155; baseline -0.001 -22"><span class='ocrx_word' id='word_1_197' title='bbox 397 2080 601 2152; x_wconf 87' lang='lat' dir='ltr'><strong>aliquis</strong></span> <span class='ocrx_word' id='word_1_198' title='bbox 657 2081 933 2137; x_wconf 82' lang='lat' dir='ltr'><strong>somnians</strong></span> <span class='ocrx_word' id='word_1_199' title='bbox 988 2086 1181 2151; x_wconf 74' lang='lat' dir='ltr'><strong>putare</strong></span> <span class='ocrx_word' id='word_1_200' title='bbox 1220 2084 1440 2155; x_wconf 83' lang='lat' dir='ltr'><strong>quidem</strong></span> <span class='ocrx_word' id='word_1_201' title='bbox 1495 2087 1702 2153; x_wconf 78' lang='lat' dir='ltr'><strong>potest,</strong></span> <span class='ocrx_word' id='word_1_202' title='bbox 1767 2100 1826 2137; x_wconf 84' lang='lat' dir='ltr'><strong>se</strong></span> <span class='ocrx_word' id='word_1_203' title='bbox 1863 2082 2114 2153; x_wconf 81' lang='lat' dir='ltr'><strong>vigilare,</strong></span> <span class='ocrx_word' id='word_1_204' title='bbox 2169 2091 2260 2133; x_wconf 78' lang='lat' dir='ltr'><strong>non</strong></span> 
     </span>
     <span class='ocr_line' id='line_1_25' title="bbox 395 2160 1532 2233; baseline 0.004 -20"><span class='ocrx_word' id='word_1_205' title='bbox 395 2178 525 2215; x_wconf 84' lang='lat' dir='ltr'><strong>vero</strong></span> <span class='ocrx_word' id='word_1_206' title='bbox 564 2160 658 2232; x_wconf 86' lang='lat' dir='ltr'><strong>qui</strong></span> <span class='ocrx_word' id='word_1_207' title='bbox 698 2160 893 2233; x_wconf 77' lang='lat' dir='ltr'><strong>vigilat</strong></span> <span class='ocrx_word' id='word_1_208' title='bbox 930 2167 1123 2231; x_wconf 81' lang='lat' dir='ltr'><strong>putare</strong></span> <span class='ocrx_word' id='word_1_209' title='bbox 1161 2180 1218 2217; x_wconf 86' lang='lat' dir='ltr'><strong>se</strong></span> <span class='ocrx_word' id='word_1_210' title='bbox 1255 2162 1532 2219; x_wconf 88' lang='lat' dir='ltr'><strong>somniari.</strong></span> 
     </span>
    </p>

    <p class='ocr_par' dir='ltr' id='par_1_8' title="bbox 394 2239 2260 2377">
     <span class='ocr_line' id='line_1_26' title="bbox 466 2239 2260 2314; baseline -0.003 -16"><span class='ocrx_word' id='word_1_211' title='bbox 466 2240 597 2299; x_wconf 80' lang='lat' dir='ltr'><strong>Quo</strong></span> <span class='ocrx_word' id='word_1_212' title='bbox 633 2239 782 2295; x_wconf 84' lang='lat' dir='ltr'><strong>dieto</strong></span> <span class='ocrx_word' id='word_1_213' title='bbox 820 2240 1007 2312; x_wconf 82' lang='lat' dir='ltr'><strong>aliquo</strong></span> <span class='ocrx_word' id='word_1_214' title='bbox 1035 2241 1194 2297; x_wconf 86' lang='lat' dir='ltr'><strong>modo</strong></span> <span class='ocrx_word' id='word_1_215' title='bbox 1219 2242 1528 2313; x_wconf 77' lang='lat' dir='ltr'><strong>explicatur</strong></span> <span class='ocrx_word' id='word_1_216' title='bbox 1553 2242 1698 2314; x_wconf 85' lang='lat' dir='ltr'><strong>quod</strong></span> <span class='ocrx_word' id='word_1_217' title='bbox 1724 2240 2038 2298; x_wconf 81' lang='lat' dir='ltr'><strong>dicebamus</strong></span> <span class='ocrx_word' id='word_1_218' title='bbox 2059 2282 2074 2302; x_wconf 79' lang='lat'>‚</span> <span class='ocrx_word' id='word_1_219' title='bbox 2109 2239 2260 2293; x_wconf 81' lang='lat' dir='ltr'><strong>Deum</strong></span> 
     </span>
     <span class='ocr_line' id='line_1_27' title="bbox 394 2320 1534 2377; baseline 0.005 -6"><span class='ocrx_word' id='word_1_220' title='bbox 394 2320 681 2375; x_wconf 78' lang='lat' dir='ltr'><strong>veritatem</strong></span> <span class='ocrx_word' id='word_1_221' title='bbox 722 2337 817 2375; x_wconf 85' lang='lat' dir='ltr'><strong>seu</strong></span> <span class='ocrx_word' id='word_1_222' title='bbox 855 2321 1143 2377; x_wconf 83' lang='lat' dir='ltr'><strong>veritatem</strong></span> <span class='ocrx_word' id='word_1_223' title='bbox 1180 2322 1360 2377; x_wconf 86' lang='lat' dir='ltr'><strong>Deum</strong></span> <span class='ocrx_word' id='word_1_224' title='bbox 1397 2340 1534 2377; x_wconf 82' lang='lat' dir='ltr'><strong>esse.</strong></span> 
     </span>
    </p>
   </div>
   <div class='ocr_carea' id='block_1_5' title="bbox 396 2866 2258 3103">
    <p class='ocr_par' dir='ltr' id='par_1_9' title="bbox 396 2866 2258 3103">
     <span class='ocr_line' id='line_1_28' title="bbox 468 2866 2256 2943; baseline -0.001 -18"><span class='ocrx_word' id='word_1_225' title='bbox 468 2871 645 2931; x_wconf 76' lang='lat' dir='ltr'><strong>Quod</strong></span> <span class='ocrx_word' id='word_1_226' title='bbox 694 2872 764 2927; x_wconf 85' lang='lat' dir='ltr'><strong>ad</strong></span> <span class='ocrx_word' id='word_1_227' title='bbox 820 2889 1070 2937; x_wconf 84' lang='lat' dir='ltr'><strong>eausam,</strong></span> <span class='ocrx_word' id='word_1_228' title='bbox 1128 2889 1226 2929; x_wconf 82' lang='lat' dir='ltr'><strong>our</strong></span> <span class='ocrx_word' id='word_1_229' title='bbox 1276 2891 1418 2927; x_wconf 86' lang='lat' dir='ltr'><strong>unus</strong></span> <span class='ocrx_word' id='word_1_230' title='bbox 1455 2873 1708 2929; x_wconf 74' lang='lat' dir='ltr'><strong>veritatis</strong></span> <span class='ocrx_word' id='word_1_231' title='bbox 1745 2872 1919 2943; x_wconf 84' lang='lat' dir='ltr'><strong>magis</strong></span> <span class='ocrx_word' id='word_1_232' title='bbox 1957 2888 2114 2943; x_wconf 86' lang='lat' dir='ltr'><strong>quam</strong></span> <span class='ocrx_word' id='word_1_233' title='bbox 2149 2866 2256 2923; x_wconf 76' lang='lat' dir='ltr'><strong>alter</strong></span> 
     </span>
     <span class='ocr_line' id='line_1_29' title="bbox 396 2950 2258 3025; baseline 0 -22"><span class='ocrx_word' id='word_1_234' title='bbox 396 2950 657 3006; x_wconf 78' lang='lat' dir='ltr'><strong>conscius</strong></span> <span class='ocrx_word' id='word_1_235' title='bbox 692 2951 791 3018; x_wconf 74' lang='lat' dir='ltr'><strong>sit,</strong></span> <span class='ocrx_word' id='word_1_236' title='bbox 834 2951 935 3007; x_wconf 89' lang='lat' dir='ltr'><strong>hoe</strong></span> <span class='ocrx_word' id='word_1_237' title='bbox 971 2952 1101 3007; x_wconf 89' lang='lat' dir='ltr'><strong>inde</strong></span> <span class='ocrx_word' id='word_1_238' title='bbox 1138 2953 1416 3023; x_wconf 78' lang='lat' dir='ltr'><strong>procedit,</strong></span> <span class='ocrx_word' id='word_1_239' title='bbox 1461 2953 1605 3025; x_wconf 84' lang='lat' dir='ltr'><strong>quod</strong></span> <span class='ocrx_word' id='word_1_240' title='bbox 1631 2952 2006 3009; x_wconf 79' lang='lat' dir='ltr'><strong>affirmationis</strong></span> <span class='ocrx_word' id='word_1_241' title='bbox 2030 2950 2114 3007; x_wconf 87' lang='lat' dir='ltr'><strong>vel</strong></span> <span class='ocrx_word' id='word_1_242' title='bbox 2135 2959 2258 3017; x_wconf 63' lang='lat' dir='ltr'><strong>nega·</strong></span> 
     </span>
     <span class='ocr_line' id='line_1_30' title="bbox 402 3029 2258 3103; baseline 0.002 -21"><span class='ocrx_word' id='word_1_243' title='bbox 402 3029 573 3085; x_wconf 79' lang='lat' dir='ltr'><strong>tionis</strong></span> <span class='ocrx_word' id='word_1_244' title='bbox 607 3029 761 3095; x_wconf 86' lang='lat' dir='ltr'><strong>idea,</strong></span> <span class='ocrx_word' id='word_1_245' title='bbox 804 3047 943 3102; x_wconf 86' lang='lat' dir='ltr'><strong>quae</strong></span> <span class='ocrx_word' id='word_1_246' title='bbox 980 3048 1106 3089; x_wconf 83' lang='lat' dir='ltr'><strong>oum</strong></span> <span class='ocrx_word' id='word_1_247' title='bbox 1130 3034 1209 3088; x_wconf 86' lang='lat' dir='ltr'><strong>rei</strong></span> <span class='ocrx_word' id='word_1_248' title='bbox 1237 3037 1436 3089; x_wconf 77' lang='lat' dir='ltr'><strong>natura</strong></span> <span class='ocrx_word' id='word_1_249' title='bbox 1461 3034 1684 3091; x_wconf 85' lang='lat' dir='ltr'><strong>omnino</strong></span> <span class='ocrx_word' id='word_1_250' title='bbox 1707 3034 1998 3099; x_wconf 72' lang='lat' dir='ltr'><strong>convenit,</strong></span> <span class='ocrx_word' id='word_1_251' title='bbox 2037 3029 2258 3103; x_wconf 74' lang='lat' dir='ltr'><strong>inpriore</strong></span> 
     </span>
    </p>
   </div>
   <div class='ocr_carea' id='block_1_6' title="bbox 2355 2536 2359 3511">
    <p class='ocr_par' dir='ltr' id='par_1_10' title="bbox 2355 2536 2359 3511">
     <span class='ocr_line' id='line_1_31' title="bbox 2355 2536 2359 3511; baseline 0 0"><span class='ocrx_word' id='word_1_252' title='bbox 2355 2536 2359 3511; x_wconf 95' lang='lat' dir='ltr'><strong> </strong></span> 
     </span>
    </p>
   </div>
  </div>
 </body>
</html>
