2432 3554
1175 155 1297 212 344

291 310 420 366 hine
455 313 786 372 derivantur.
839 315 1078 370 Tandem
1120 315 1221 370 hoc
1257 331 1471 387 quoque
1514 314 1815 369 notandum
1833 353 1848 377 ‚
1889 311 2038 384 quod
2075 327 2193 365 non

287 407 424 460 opus
479 393 786 449 habuissem
843 394 957 450 ulia
1010 397 1308 467 specimina
1362 394 1621 449 exhibere
1658 394 1727 449 ad
1763 397 2193 464 praeceptorum

289 487 526 524 meorum
577 475 963 542 praestantiam
1001 476 1419 536 ostendendam:
1492 491 1617 528 nam
1658 491 1789 528 sane
1826 473 1997 526 modo
2034 489 2197 542 prae·

287 556 446 620 cepta
500 553 732 623 optima,
789 554 1086 625 applicatio
1141 572 1329 609 eorum
1376 571 1593 626 quoque
1644 571 1753 608 non
1802 551 2033 607 inutilis
2070 567 2200 605 esse

293 629 520 700 poterit,
579 633 818 704 adeoque
866 635 990 705 quis
1050 635 1349 705 specimina
1404 651 1523 688 mea
1574 649 1683 687 non
1722 631 1888 686 debet
1925 631 2195 702 aggredi,

293 709 384 762 sed
425 711 606 779 potius
643 713 928 767 ostendere
956 755 971 776 ,
1011 714 1156 785 quod
1193 719 1482 783 praecepta
1518 711 1659 766 nihil
1694 711 1933 765 valeant.
1978 709 2107 764 Hoc
2144 707 2203 763 si

294 789 508 844 ostendi
545 792 774 860 poterit,
814 792 1020 848 victum
1059 810 1144 846 me
1175 793 1347 857 dabo,
1390 790 1811 862 methodumque
1848 807 2025 843 meam
2051 787 2199 842 nihil

299 867 477 922 valere
502 905 2196 930 ...................

293 983 688 1013 ......
695 951 870 1006 Miror
923 953 1194 1022 quomodo
1249 953 1329 1007 ita
1384 951 1639 1006 methodo
1686 955 1815 1006 tuae
1864 949 2121 1005 confidas
2136 948 2195 1012 ,²⁹

297 1029 398 1082 etc.
471 1027 590 1096 Ego
645 1029 734 1084 hic
783 1037 1004 1085 econtra
1063 1049 1172 1086 non
1231 1033 1395 1086 miror
1447 1031 1593 1103 quod
1646 1047 1835 1084 omnes
1871 1028 2037 1084 aliter
2074 1046 2199 1082 sen-

295 1104 464 1169 tiant,
519 1109 612 1162 sed
651 1111 828 1181 quoad
865 1128 950 1164 me
989 1129 1182 1166 causas
1220 1111 1383 1182 hujus
1420 1112 1498 1166 rei
1538 1111 1674 1165 satis
1710 1111 1870 1171 novi,
1932 1126 2062 1163 nam
2102 1125 2195 1162 eos

298 1183 535 1241 breviter
589 1191 836 1246 contraxi
873 1209 998 1262 pag.
1043 1193 1179 1255 213;
1240 1192 1370 1262 quia
1409 1192 1459 1244 1.
1502 1189 1804 1244 innumeris
1841 1187 2197 1258 praejudieijs

301 1265 447 1320 eirca
501 1268 631 1324 haec
687 1273 1068 1342 praeoccupati
1130 1275 1298 1334 sunt;
1360 1272 1408 1326 2.
1446 1270 1632 1324 statim
1672 1267 1933 1340 specialia
1970 1268 2031 1321 in
2067 1266 2197 1336 phy-

300 1345 428 1399 sicis
466 1349 890 1417 aggrediuntur;
958 1353 1007 1407 3.
1045 1352 1103 1406 in
1142 1351 1290 1404 hisce
1328 1349 1659 1419 specialibus
1697 1346 1851 1403 nulla
1888 1346 2003 1400 alia
2043 1345 2209 1399 offae-

299 1429 388 1486 ta,
431 1443 590 1496 quam
629 1444 766 1498 quae
803 1429 1122 1484 admiranda
1145 1429 1525 1490 considerant:
1568 1427 1747 1500 quiin
1775 1426 1876 1480 hoc
1904 1430 2089 1486 statu,
2124 1422 2197 1492 iis

299 1511 445 1559 certe
503 1505 736 1576 Physica
784 1508 1102 1564 difficillima
1139 1507 1493 1563 scientiarum
1530 1506 1735 1578 absque
1772 1505 1945 1560 dubio
1984 1502 2205 1558 vidoni-2

301 1590 421 1646 tur:
475 1591 639 1655 prout
673 1593 863 1642 contra
899 1607 1000 1660 ego
1035 1589 1227 1644 eodem
1264 1588 1321 1642 in
1359 1587 1481 1642 loco
1518 1586 1737 1641 ostendi
1774 1583 1985 1638 nnllam
2024 1583 2200 1638 scien-

303 1665 438 1719 tiam
492 1663 727 1736 Physica
777 1667 1074 1724 faciliorem
1113 1685 1249 1724 esse.
1320 1667 1379 1722 Si
1418 1669 1513 1738 qui
1552 1667 1725 1737 igitur
1760 1664 1972 1736 aliquid
2012 1663 2221 1733 singu--

300 1744 414 1801 lare
469 1746 526 1801 in
581 1747 818 1819 physicis
873 1750 996 1806 vult
1043 1754 1353 1822 praestare:
1414 1749 1468 1803 1.
1524 1763 1633 1801 non
1670 1743 1836 1800 debet
1872 1761 1937 1797 ea
1974 1740 2204 1815 aggredi

300 1825 408 1879 nisi
463 1829 776 1899 priusquam
813 1829 958 1885 clare
1006 1830 1063 1884 in
1115 1826 1455 1884 conscientia
1505 1826 1795 1881 convietus
1830 1829 1945 1878 tam
1989 1822 2210 1877 ratione

303 1922 464 1976 quam
520 1909 855 1977 experientia
903 1910 1042 1965 hanc
1093 1907 1381 1965 scientiam
1416 1904 1661 1959 omnium
1700 1920 1820 1958 esse
1856 1902 2205 1958 facillimam

299 1983 424 2039 Hoc
479 1986 526 2039 si
580 2005 768 2043 verum
823 1995 937 2051 est,
996 1996 1162 2061 prout
1207 1985 1443 2060 quilibet
1480 1984 1621 2039 scire
1660 1989 1873 2055 potest,
1934 1981 2099 2036 modo
2140 1996 2211 2035 ex

305 2066 640 2121 conscientia
693 2068 828 2123 velit
881 2067 1064 2139 loqui,
1123 2077 1333 2123 eertum
1372 2070 1457 2121 est
1493 2064 1637 2136 quod
1678 2063 1939 2135 primaria
1972 2062 2215 2132 impedi-

303 2150 484 2199 menta
521 2164 658 2218 quae
695 2166 804 2202 non
841 2166 874 2202 a
909 2153 1063 2220 parte
1105 2148 1182 2203 rei
1220 2147 1317 2201 sed
1354 2164 1387 2199 a
1424 2151 1615 2199 nostra
1650 2144 1769 2199 sola
1810 2142 2213 2215 imaginatione

301 2226 660 2295 proveniunt,
711 2226 929 2286 absunt.
999 2228 1154 2284 Haec
1203 2232 1387 2281 autem
1435 2224 1829 2295 impedimenta
1875 2224 2205 2295 praecipua,

303 2305 362 2359 ni
415 2305 576 2360 fallor
633 2307 710 2372 (in
766 2308 1005 2363 sectione
1029 2314 1038 2325 ‘
1063 2306 1258 2376 tertia)
1303 2307 1515 2363 auferre
1554 2305 1751 2367 docui:
1810 2306 1871 2362 Β.
1914 2304 2059 2358 bona
2092 2320 2211 2357 mc·

301 2384 471 2440 thodo
508 2386 669 2440 debet
705 2386 1008 2442 instructus
1047 2404 1166 2443 esse
1201 2386 1493 2459 detegendi
1536 2388 1851 2463 incognitas
1888 2386 2213 2440 veritatesa

303 2465 507 2534 priori,
559 2483 666 2521 non
709 2476 893 2520 autem
934 2466 1211 2521 meliorem
1248 2470 1381 2523 novi
1418 2484 1587 2539 quam
1624 2482 1765 2538 quae
1804 2483 1899 2535 per
1936 2467 2211 2537 perfectas

307 2544 466 2601 defin.
501 2546 676 2599 axiotn
717 2556 774 2599 et
809 2546 1068 2601 theorem.
1107 2548 1381 2616 procedit.
1420 2546 1577 2602 Hine
1614 2548 1761 2600 enim
1798 2545 2069 2617 quidquid
2112 2544 2213 2599 hn-

305 2624 538 2679 maniter
589 2625 718 2679 sciri
755 2630 934 2695 potest
971 2623 1303 2684 innotescitz
1364 2626 1531 2681 talem
1570 2633 1754 2680 autem
1794 2625 2109 2679 methodum
2150 2624 2214 2678 in

307 2710 436 2759 sect.
485 2704 724 2758 secunda
777 2704 965 2758 multis
1022 2703 1311 2774 explicavi.
1384 2708 1436 2762 3.
1494 2708 1635 2761 scire
1688 2705 1852 2761 debet
1888 2704 2211 2759 methodum

309 2782 670 2852 experientias
709 2782 952 2854 legitimo
991 2783 1149 2837 modo
1189 2785 1516 2848 instituere:
1558 2786 1705 2857 quod
1732 2800 1866 2839 sane
1893 2802 1995 2855 ego
2020 2798 2123 2838 neo
2147 2784 2212 2839 in

309 2862 627 2918 Verulamio
665 2881 764 2918 nec
803 2863 960 2919 ullibi
999 2863 1174 2917 fateor
1197 2864 1477 2922 adinveni.
1530 2864 1681 2925 Quia
1706 2866 1893 2937 itaque
1920 2862 2217 2919 nuliaalia

309 2963 470 3018 quam
523 2947 657 3002 haec
691 2947 832 3011 tria,
879 2946 1070 3001 salte-m
1109 2946 1180 3001 ad
1218 2944 1551 3003 difficillima
1586 2962 1835 3018 quaeque
1874 2944 1931 3001 in
1966 2943 2224 3017 physicis
