2432 3554
1239 169 1354 226 140

422 329 466 383 si
526 345 675 382 mens
718 345 827 382 rem
867 328 1137 400 quandam
1177 330 1383 386 efficere
1421 329 1776 398 deliberavit,
1842 333 1980 404 quae
2017 330 2216 388 difficile

350 407 613 473 efficitur,
650 408 893 462 Audacia
929 416 1171 467 vocatur.

423 479 481 534 Si
539 495 666 533 vero
703 497 854 534 mens
892 497 1003 533 rem
1040 479 1279 552 aliquam
1321 497 1478 554 agere
1517 479 1868 545 deliberavit,
1929 483 2054 553 quia
2087 481 2213 538 alius

343 559 457 630 jam
499 562 659 612 autea
695 559 845 614 illam
884 559 1029 631 egit,
1091 561 1181 616 cui
1221 560 1356 615 bene
1395 561 1607 629 evenit,
1647 561 2040 618 Aemulationem
2075 579 2213 618 voca-

349 655 491 692 mus.
552 637 721 692 Porro

424 717 516 772 ubi
572 718 772 789 aliquis
828 717 967 784 scit,
1023 717 1154 790 quid
1212 717 1511 774 deliberare
1549 719 1746 775 debeat
1783 721 1850 775 ad
1893 739 2000 776 rem
2040 722 2212 776 bonam

349 797 767 869 promovendam
824 796 911 850 vel
968 795 1162 850 malam
1214 798 1647 871 impediendam,
1703 818 1878 873 neque
1916 807 2090 856 tamen
2127 801 2214 856 hoc

348 877 545 942 saciat,
586 877 1004 930 Pusillanimitas
1038 881 1283 934 vocatur.

418 958 579 1018 Quae
616 956 709 1011 ubi
751 957 909 1011 valde
948 975 1141 1028 magna
1178 946 1263 1013 est
1309 957 1658 1014 Constet-natio
1694 959 1916 1015 dicitur.

420 1038 568 1092 Cura
604 1036 869 1106 alicujus.
912 1040 974 1090 ut
1010 1035 1107 1091 illo
1144 1039 1289 1108 quod
1328 1039 1656 1112 acquisitum
1695 1046 1808 1105 est,
1850 1039 2001 1096 solus
2027 1039 2220 1094 fruatur

349 1116 563 1187 sibique
601 1122 663 1169 ut
699 1114 837 1170 illud
877 1123 1162 1172 conservet
1198 1120 1416 1174 Invidia
1453 1119 1674 1175 dicitur.

420 1520 569 1580 Quia
608 1519 765 1573 nobis
792 1522 979 1574 notum
1008 1523 1121 1583 est,
1165 1519 1309 1573 unde
1337 1521 1435 1576 hae
1461 1522 1740 1592 passiones
1767 1521 2046 1584 oriantur,
2084 1519 2224 1574 nobis

349 1599 642 1654 admodum
700 1599 859 1653 facile
915 1599 1019 1654 erit
1074 1599 1445 1654 demonstrare
1497 1611 1759 1672 quaenam
1800 1617 1986 1655 earum
2027 1600 2222 1659 bonae.

346 1698 614 1754 quaenam
652 1681 825 1735 malae
867 1682 994 1736 sint.

420 1760 585 1821 Quod
624 1759 689 1815 ad
730 1759 919 1832 Spem,
980 1759 1224 1824 Metam,
1267 1759 1660 1827 Securitatem,
1700 1759 2148 1830 Desperationem
2179 1761 2227 1811 et

348 1841 624 1897 Invidiam
663 1840 895 1901 attinet,
937 1846 1143 1895 certum
1183 1844 1302 1904 est,
1343 1858 1434 1894 eas
1472 1858 1538 1895 ex
1578 1840 1719 1895 mala
1758 1839 2016 1910 opinione
2056 1838 2222 1898 nasci;

349 1920 431 1974 uti
472 1921 615 1974 enim
654 1926 817 1974 antea
854 1920 1378 1984 demonstravimus,
1420 1937 1605 1975 omnes
1643 1938 1728 1974 res
1755 1920 2089 1975 necessarias
2114 1934 2225 1973 suas

348 2016 543 2056 causas
584 1998 810 2062 habere,
854 1998 933 2053 sic
970 2004 1025 2053 et
1063 2014 1282 2053 necesse
1319 2002 1402 2053 est
1439 2016 1530 2053 eas
1557 1999 1862 2053 necessario
1888 1999 1966 2053 ita
1993 1999 2137 2062 fieri,
2174 1998 2228 2049 ut

346 2079 518 2141 fiantz'
571 2084 626 2133 et
682 2096 1004 2150 quamquam
1045 2078 1310 2133 securitas
1348 2077 1760 2149 desperatioque
1798 2076 2104 2133 inviolabili
2141 2075 2228 2131 illo

345 2160 404 2215 in
461 2159 650 2213 ordine
698 2158 941 2229 serieque
978 2174 1263 2212 causarum
1305 2156 1481 2212 locum
1519 2156 1714 2213 habere
1753 2158 2013 2212 videntur
2051 2172 2226 2211 eumve

244 2266 257 2279 ·
348 2239 705 2303 constituere,
764 2238 1021 2305 (veritate
1068 2237 1204 2291 bene
1257 2239 1564 2309 perspecta)
1600 2235 1789 2307 procul
1829 2241 2012 2291 tamen
2052 2236 2223 2295 abest,

345 2320 475 2391 quia
510 2334 788 2390 nunquam
830 2318 1093 2371 securitas
1119 2315 1207 2370 vel
1233 2316 1541 2388 desperatio
1565 2317 1760 2381 adest,
1796 2317 1904 2371 nisi
1930 2322 2092 2373 antea
2117 2332 2226 2388 spes

347 2404 629 2469 metusque
685 2396 910 2467 (quippe
946 2414 975 2450 e
1012 2395 1211 2467 quibus
1248 2398 1512 2469 originem
1551 2397 1780 2467 ducant)
1819 2395 2086 2461 adfuerit:
2142 2392 2224 2449 ubi

345 2478 488 2533 enim
546 2476 776 2550 aliquis,
843 2473 981 2530 illud
1050 2475 1194 2545 quod
1253 2476 1431 2531 adhuc
1467 2480 1750 2547 expectat,
1810 2476 2012 2530 bonum
2051 2473 2225 2537 ducit,

344 2558 493 2613 illam
553 2558 752 2612 mentis
790 2556 1241 2611 constitutionem
1291 2556 1631 2628 assequitur,
1693 2572 1852 2628 quam
1895 2574 2043 2627 spem
2078 2570 2224 2609 voca-

348 2653 497 2699 mus:
545 2642 709 2709 atque
748 2635 841 2691 ubi
880 2635 1082 2691 bonum
1118 2634 1258 2690 illud
1297 2640 1663 2706 praesumtum
1701 2635 1980 2707 acquirere
2018 2646 2226 2691 securus

344 2722 458 2781 est,
528 2716 679 2773 illam
749 2714 1203 2787 tranquillitatem
1273 2732 1424 2769 mens
1491 2714 1608 2787 ejus
1674 2714 2010 2770 nanciscitur
2075 2726 2224 2785 quam

346 2796 695 2852 securitatem
753 2812 1027 2854 vocamus
1072 2794 1266 2857 'Quod
1324 2812 1451 2850 vero
1507 2794 1574 2848 de
1635 2794 1941 2851 Securitate
2001 2794 2224 2849 dicimus

2373 1272 2376 1396 l

2375 1517 2378 1674 Ι

2377 1761 2380 1899 Ι
