2432 3554
1301 238 1424 296 248

414 398 565 455 aliud
603 418 752 466 esse,
792 400 898 454 nisi
936 410 1139 454 certam
1179 405 1362 453 motus
1399 396 1708 469 quietisque
1749 392 2165 467 proportionem
2197 386 2266 441 ατί

415 496 519 550 que
557 479 657 535 hoc
695 498 758 534 ea
796 480 1037 544 ratione,
1079 483 1170 542 ut,
1215 480 1322 533 nisi
1359 478 1419 532 in
1457 476 1776 531 extensione
1813 471 1964 527 aliud
1993 488 2097 525 non
2119 472 2263 524 esset,

416 577 575 630 quam
632 562 747 615 sive
804 567 983 615 motus
1038 560 1153 613 sive
1191 560 1347 631 quies
1387 556 1535 619 sola,
1595 554 1750 610 nulla
1787 554 1845 608 in
1881 550 1982 607 illa
2019 568 2099 605 res
2131 547 2262 620 parti*

416 639 617 694 cularis
655 639 870 695 ostendi
909 638 995 693 vel
1034 656 1150 693 esse
1187 642 1406 709 posset:
1446 639 1528 693 ita
1565 642 1626 691 ut
1664 652 1862 707 corpus
1899 632 2179 687 humanum
2207 626 2266 692 nil

415 717 567 774 aliud
606 718 681 774 sit
714 719 820 774 nisi
858 725 1007 774 certa
1047 721 1226 772 motus
1263 718 1573 791 quietisque
1610 715 1910 789 proportio.
2261 706 2268 739 ³

487 876 797 931 Essentiam
834 875 1160 945 objectivam
1200 893 1330 929 vero
1368 894 1507 948 quae
1546 874 1710 944 hujus
1737 870 2100 943 proportionis
2123 880 2275 934 essen-¹

420 956 570 1011 tialis
610 962 787 1011 motus
823 956 1130 1027 quiet-isque
1156 954 1216 1010 in
1242 956 1514 1011 attributo
1538 954 1818 1025 cogitante
1845 952 2011 1005 datur
2029 991 2043 1011 ‚
2081 946 2274 1006 dicimus

418 1040 652 1089 mentem
690 1036 961 1106 corporis;
1000 1033 1220 1106 quando
1254 1035 1428 1104 igitur
1465 1049 1576 1088 una
1615 1032 1806 1087 harum
1845 1026 2274 1086 modificationum

418 1115 560 1185 (sive
614 1114 687 1170 sit
743 1120 922 1169 motus
965 1114 1079 1168 sive
1116 1114 1297 1185 quies)
1334 1114 1395 1169 in
1433 1113 1557 1185 plus
1596 1113 1684 1167 vel
1723 1114 1779 1167 in
1818 1110 2002 1165 minus
2039 1108 2270 1161 mutatur.

416 1195 605 1249 eadem
660 1196 869 1249 ratione
926 1200 983 1248 et
1036 1193 1159 1247 idea
1215 1198 1494 1255 mutatur:
1555 1192 1637 1247 uti
1683 1210 1732 1245 e.
1776 1207 1860 1261 gr.
1904 1186 2118 1260 quando
2148 1180 2267 1253 quie?

417 1278 803 1345 augmentatur
859 1277 1145 1344 motusque
1201 1272 1532 1327 diminuitur
1554 1314 1569 1336 ‚
1625 1270 1724 1326 illo
1771 1268 1928 1324 dolor
1964 1265 2050 1320 vel
2086 1260 2266 1319 tristitia

416 1352 516 1408 illa
552 1358 809 1409 causatur
844 1370 1005 1423 quam
1042 1352 1216 1423 frigus
1255 1352 1614 1408 nominamus,
1670 1351 1730 1405 Si
1766 1365 1899 1404 vero
1937 1351 2111 1401 motus
2143 1356 2265 1411 auge·

418 1436 543 1493 tur,
584 1432 737 1487 dolor
772 1434 949 1488 oritur
984 1450 1144 1504 quem
1181 1434 1526 1487 nominamus
1563 1428 1814 1486 calorem.

492 1671 731 1732 Quando
785 1675 968 1725 autem
1024 1674 1204 1723 motus
1248 1670 1536 1743 quetisque
1573 1666 1775 1741 gradus
1813 1666 1870 1720 in
1910 1661 2153 1719 omnibus
2185 1670 2268 1709 eor·

422 1752 569 1824 poris
606 1750 853 1823 partibus
891 1767 1001 1806 non
1037 1749 1292 1821 aequales
1329 1755 1490 1811 sunt,
1531 1748 1626 1804 sed
1665 1742 1964 1801 nonnullae
2000 1740 2117 1814 plus
2145 1746 2268 1810 qaam

422 1830 561 1886 aliae
618 1836 798 1887 motus
850 1837 905 1886 et
940 1829 1140 1902 quietis
1179 1829 1382 1885 habent
1405 1875 1418 1896 ‚
1478 1830 1606 1885 inde
1644 1825 1952 1882 differentia
1985 1836 2164 1878 sensus
2186 1814 2269 1869 ori·

423 1914 545 1974 tur,
602 1909 818 1982 qualem
874 1911 1212 1982 experimur,
1273 1910 1492 1982 quando
1531 1907 1727 1964 baculo
1763 1907 1823 1962 in
1859 1903 2046 1961 oculos
2079 1899 2159 1954 ve!
2185 1910 2268 1950 ma·

429 2008 533 2046 nus
570 1991 812 2046 ferimur.

493 2461 569 2516 Et
616 2459 835 2532 quando
873 2459 932 2513 fit
968 2462 1033 2513 ut
1068 2475 1264 2514 causae
1303 2462 1561 2513 externae
1599 2458 1745 2512 inter
1791 2471 1847 2510 se
1887 2453 2150 2509 differant,
2191 2457 2279 2497 ¹²⁰⁰

423 2559 609 2597 omnes
647 2539 873 2594 eandem
912 2538 1146 2593 habeant
1182 2539 1470 2600 effectum,
1510 2537 1688 2593 oritur
1714 2535 1842 2590 inde
1867 2529 2156 2589 differentia
2175 2537 2277 2577 8⁰1¹·

425 2637 518 2675 sus
554 2621 612 2674 in
650 2635 759 2673 una
812 2617 1106 2692 eademque
1145 2623 1326 2689 parte,
1394 2617 1474 2671 uti
1511 2616 1828 2688 experimur
1865 2613 2015 2684 ligno
2054 2606 2132 2662 vel
2163 2603 2283 2657 forro

429 2700 487 2754 in
524 2698 713 2753 eadem
750 2714 916 2750 manu
953 2696 1071 2752 icti.

497 2778 572 2834 Et
632 2794 819 2832 rursus
875 2777 919 2831 si
978 2777 1211 2831 mutatio
1255 2778 1311 2830 in
1353 2775 1586 2848 quadam
1625 2777 1780 2846 parte
1818 2773 1965 2827 facta
1999 2781 2152 2824 causa
2179 2762 2277 2816 est,

448 2861 515 2912 ut
566 2857 636 2910 ad
690 2857 923 2926 priorem
974 2857 1381 2926 proportionem
1421 2857 1608 2911 redeat
1625 2897 1639 2919 ,
1700 2854 1878 2908 oritur
1915 2853 2039 2907 inde
2073 2841 2279 2924 laetius,

431 2951 593 3006 quam
629 2932 1117 3005 tranquillitatem,
1175 2935 1620 2990 exercitationem
1655 2933 1993 3004 jucundam,
2047 2931 2099 2982 et
2129 2921 2281 2978 bilan-

440 3017 610 3066 tatem
652 3012 1014 3066 nominamus·

509 3089 660 3152 Quia
693 3089 863 3160 igitur
898 3090 1292 3162 explicavimus
1308 3133 1323 3155 ‚
1383 3091 1517 3162 quid
1553 3107 1744 3146 sensus
1785 3089 1894 3155 sit,
1950 3084 2104 3143 facile
2133 3076 2285 3133 videre
