2432 3554
1248 191 1325 249 60

333 351 513 406 tinata
550 369 711 424 quam
751 355 912 418 sunt,
953 369 1122 424 aeque
1161 353 1435 424 perfectus
1471 357 1648 408 esset?
1696 349 1787 404 Ad
1824 349 1971 422 quod
2010 365 2242 422 respon-

333 431 560 493 deatur,
601 433 774 504 quod,
817 431 862 487 si
901 438 1098 488 natura
1135 431 1202 486 ab
1241 431 1388 486 omni
1426 431 1751 484 aeternitate
1788 429 1899 483 alio
1930 430 2092 484 modo
2119 446 2242 484 cre-

332 516 428 565 ata
481 517 626 566 esset
662 529 823 582 quam
863 529 1010 566 nunc
1047 515 1232 566 creata
1268 515 1381 574 est,
1443 515 1577 564 tunc
1614 528 1679 564 ex
1718 527 1902 563 eorum
1942 509 2237 580 opinione,

331 592 429 662 qui
489 591 605 646 Deo
662 592 1000 646 voluntatem
1041 595 1097 645 et
1133 589 1475 645 intellectum
1516 585 1866 650 adscribunt,
1922 589 2239 644 necessario

332 677 646 726 secuturum
666 714 679 734 ,
721 671 897 726 Deum
937 675 1070 726 tunc
1107 671 1271 724 aliam
1303 673 1595 740 utrumque
1622 674 1677 722 et
1702 667 2039 722 voluntatem
2068 672 2126 722 et
2150 669 2241 722 in-

336 750 620 806 tellectum
669 749 865 806 habere
905 750 1188 814 debuisse,
1255 748 1455 821 quibus
1492 765 1577 802 res
1614 747 1775 802 aliter
1811 749 2029 802 fecisset
2067 765 2239 820 quam

333 833 478 888 facta
517 835 674 894 sunt;
718 835 774 884 et
811 831 888 885 sic
929 834 1245 902 sequeretur
1281 829 1457 882 Deum
1496 831 1630 882 tunc
1667 827 1835 882 alium
1874 829 2041 882 fuisse
2068 845 2239 900 quam

335 916 448 972 est:
491 929 656 982 quare
695 913 958 980 ponentes
994 909 1174 964 Deum
1211 925 1359 963 nunc
1396 907 1637 962 omnium
1664 909 2118 978 perfectissimum
2150 927 2234 963 es-

333 1008 422 1054 se,
464 989 646 1044 dicere
684 990 930 1059 cogimur
965 1006 1088 1042 eum
1127 987 1294 1042 talem
1334 1007 1443 1043 non
1481 989 1728 1042 futurum
1768 989 1814 1043 si
1852 989 2033 1043 omnia
2070 989 2239 1044 aliter

332 1073 561 1124 crearet.
615 1069 772 1128 Quae
810 1069 991 1122 omnia
1029 1069 1367 1122 absurditate
1392 1067 1553 1138 plena
1580 1067 1733 1122 nullo
1760 1068 1919 1122 modo
1944 1069 2093 1134 Deo,
2134 1069 2234 1142 qui

334 1165 482 1202 nunc
501 1189 514 1210 ,
545 1151 602 1201 et
626 1146 684 1202 in
710 1165 924 1202 omnem
951 1147 1328 1203 aeternitatem
1357 1147 1715 1203 immutabilis
1742 1152 1853 1211 est,
1880 1149 1988 1204 fuit
2014 1154 2069 1204 et
2089 1149 2199 1206 erit
2217 1194 2231 1215 ‚

330 1227 505 1282 tribui
558 1230 807 1298 possunt.
884 1227 1050 1286 Quod
1101 1245 1260 1298 porro
1298 1245 1330 1280 a
1367 1228 1523 1282 nobis
1562 1228 1965 1284 demonstratur
2004 1249 2071 1284 ex
2109 1228 2235 1286 des-

331 1306 602 1377 criptione
639 1324 800 1377 quam
839 1307 1089 1361 dedimus
1127 1325 1323 1362 causae
1360 1307 1596 1372 liberae,
1635 1308 1836 1380 quippe
1867 1326 2005 1380 quae
2032 1310 2232 1366 nonin

333 1403 398 1440 eo
437 1389 704 1442 consistat
741 1391 804 1441 ut
840 1387 1049 1458 aliquid
1087 1387 1174 1441 vel
1213 1405 1372 1454 agere
1409 1385 1494 1441 vel
1530 1388 1781 1442 omittere
1808 1387 2008 1458 possit,
2050 1389 2147 1444 sed
2174 1389 2231 1444 in

334 1483 398 1518 eo
436 1465 552 1518 solo
593 1470 652 1519 ut
678 1485 709 1520 a
737 1465 892 1520 nullo
917 1466 1028 1520 alio
1053 1466 1317 1538 pendeat,
1359 1467 1543 1538 itaque
1570 1485 1727 1521 omne
1754 1467 1897 1539 quod
1924 1472 2051 1539 agat
2077 1469 2233 1524 Deus

332 1547 402 1600 ab
457 1563 521 1600 eo
561 1546 702 1611 solo,
773 1553 1034 1619 tanquam
1090 1567 1122 1602 a
1178 1563 1344 1602 causa
1380 1547 1783 1618 sapientissima
1818 1547 1936 1602 fieri
1972 1552 2028 1602 et
2064 1549 2225 1604 effici.

329 1627 481 1686 Quia
517 1632 698 1681 autem
738 1628 889 1682 Deus
927 1645 1104 1682 rerum
1131 1629 1305 1698 prima
1342 1645 1507 1682 causa
1542 1631 1655 1691 est,
1698 1625 1909 1698 aliquid
1935 1627 1993 1681 in
2020 1643 2083 1681 eo
2110 1645 2229 1683 esse

331 1706 528 1771 debet,
567 1724 662 1777 per
699 1707 844 1779 quod
883 1713 1011 1779 agat
1048 1707 1192 1780 quod
1232 1708 1348 1779 agit
1386 1709 1485 1762 ne'c
1522 1723 1681 1777 agere
1720 1707 1971 1769 omittat:
2014 1713 2068 1761 et
2094 1710 2264 1789 quia·

332 1784 473 1840 illud
511 1790 658 1857 quod
695 1805 818 1841 eum
855 1786 1064 1859 aliquid
1103 1804 1263 1859 agere
1294 1788 1491 1852 faciat,
1532 1785 1671 1842 nihil
1708 1785 1860 1841 aliud
1894 1804 2010 1841 esse
2046 1794 2231 1859 potest

331 1882 494 1938 quam
549 1868 668 1937 ipsa
705 1866 822 1936 ejus
860 1867 1147 1937 perfectiO,
1206 1866 1613 1929 concludimu3‚
1668 1865 1775 1920 nisi
1812 1865 1929 1935 ejus
1967 1869 2231 1937 perfectio

330 1962 490 2015 agere
544 1945 683 2000 illud
723 1964 846 2000 eum
885 1948 1122 2012 faceret,
1181 1964 1267 2001 res
1306 1965 1414 2002 non
1452 1947 1749 2001 existerent
1786 1962 1887 2001 nec
1924 1962 2042 2000 esse
2079 1947 2227 2003 ince-

334 2026 544 2097 pissent
581 2045 644 2081 eo
683 2029 841 2082 modo
879 2046 986 2100 quo
1019 2028 1132 2099 jam
1171 2031 1319 2083 sunt.

405 2655 708 2729 Hucusque
746 2658 813 2713 de
851 2659 1025 2730 prima
1061 2658 1167 2714 Dei
1203 2659 1555 2731 proprietate.
1612 2658 1975 2713 Transeamus
2005 2656 2119 2729 jam
2156 2658 2225 2711 ad

335 2735 636 2791 seeundum
673 2738 792 2808 ejus
828 2738 1188 2803 attributum,
1240 2738 1386 2810 quod
1422 2738 1699 2809 proprium
1738 2738 1797 2793 in
1834 2754 1897 2792 eo
1932 2754 2223 2802 meamne,

333 2819 390 2868 et
427 2814 708 2871 videamus
746 2818 878 2889 quid
917 2818 1074 2873 nobis
1112 2818 1178 2873 de
1215 2836 1279 2872 ea
1315 2818 1607 2874 dicendum
1646 2819 1739 2873 sit.

1248 3006 1317 3019 Q
