2432 3554
1282 169 1401 228 322

395 330 469 385 sit
512 329 655 384 inter
692 333 963 385 nostrates
1000 331 1057 385 in
1096 329 1271 387 nobili
1308 331 1456 394 vir-03
1511 347 1633 386 cum
1675 349 1846 386 essem
1885 330 1942 386 in
1982 328 2248 398 Academijs

395 427 460 464 ea
510 413 786 482 utcunque
831 413 1040 466 tinctus
1077 429 1258 477 eram,
1310 412 1406 467 sed
1449 416 1536 466 tot
1571 429 1840 467 annorum
1877 411 2071 466 itinera
2104 413 2153 464 et
2182 425 2251 462 ne·

397 490 548 561 gotia
601 490 856 555 effecere,
915 496 978 545 ut
1020 491 1135 560 jam
1193 509 1303 546 non
1340 492 1523 546 omnia
1569 497 1682 548 tam
1726 501 2085 563 congruenter
2116 491 2247 559 hujus

397 569 617 641 linguae
665 571 827 641 genio
877 571 1206 642 exprimam;
1268 571 1360 626 sed
1403 576 1511 627 tam
1555 572 1696 628 levia
1734 571 1941 644 absque
1977 572 2130 626 dubio
2162 587 2247 624 nou

397 649 666 721 respiciet.
738 649 987 705 Locutus
1045 651 1126 705 fui
1183 667 1308 705 cum
1359 650 1671 724 Bibliopola
1730 652 1863 707 mihi
1913 653 2174 707 nominato
2204 651 2248 704 in

396 728 552 800 signo
600 729 796 799 capitis
847 729 1127 785 Ciceronis
1175 736 1233 784 et
1278 730 1383 802 ipsi
1422 730 1624 786 librum
1664 731 1731 785 de
1769 733 2009 787 remedio
2044 729 2245 802 Anglico

394 808 540 863 circa
583 808 762 864 febras
802 809 904 864 tibi
942 809 1431 865 transmittendum
1467 811 1625 876 dedi,
1681 810 1828 882 quod
1860 811 1977 881 jam
2015 814 2248 881 receptum

396 888 517 944 erit.
590 887 758 944 Hisce
811 907 892 942 me
948 889 1049 944 tibi
1100 889 1481 946 recommendo
1517 892 1609 963 qui
1652 909 1772 946 sum
1812 891 1961 946 omni
1998 891 2173 946 affectu
2202 893 2244 941 et

401 967 612 1032 studio,

1284 1051 1606 1112 Monsieur‚

840 1127 1008 1182 Votre
1044 1127 1381 1185 treshumble
1419 1136 1475 1185 et
1510 1129 1625 1184 tres
1663 1129 1945 1185 obeissant
1982 1129 2218 1184 servitem·

1408 1211 1476 1268 E.
1516 1210 1608 1266 W.
1650 1209 1717 1264 de
1754 1209 2129 1266 TschirnhauS.

467 1287 813 1350 Amsterdann
856 1287 922 1340 11
961 1286 1109 1359 Sept.
1146 1304 1294 1343 anno
1333 1290 1493 1346 1682.
1568 1356 1580 1366 „

401 1370 518 1424 Aan
553 1369 650 1422 den
692 1369 1025 1423 Wel-E'delen
1060 1372 1203 1425 Heer
1216 1408 1237 1436 ,

470 1448 694 1504 d’Heere
739 1447 1039 1503 Christiaan
1073 1451 1287 1520 Huqens
1303 1491 1318 1513 ,

575 1527 718 1582 Heor
751 1545 852 1582 van
887 1529 1155 1584 Zalichem
1168 1552 1192 1593 ;

789 1605 833 1661 ἐ
874 1611 1227 1679 Gravenkaqe.

1213 1686 1665 1758 Kislingswalda,
1707 1686 1763 1741 d.
1804 1687 1875 1741 30
1911 1685 2059 1757 Aug.
2098 1681 2219 1738 1683.

611 1763 906 1825 Moneieur.
1287 1806 1300 1819 ,

539 1848 664 1901 Mon
698 1847 804 1902 tres
839 1850 958 1902 cher
993 1850 1046 1903 et
1079 1848 1186 1903 tres
1222 1845 1411 1903 honor&
1430 1850 1626 1917 patron
1647 1888 1661 1910 ‚

469 1927 754 1986 Quantum
790 1926 1094 1982 delectatus
1129 1928 1327 1983 fuerim
1364 1927 1499 1983 visis
1535 1928 1649 1982 tuis
1676 1926 1912 1991 litteris,
1955 1942 2087 1998 quas
2110 1922 2241 1977 adue

401 2006 632 2077 dirigere
687 2005 946 2077 dignatus
999 2025 1087 2072 es,
1146 2009 1242 2062 vix
1298 2012 1382 2063 est
1438 2012 1501 2062 ut
1538 2008 1871 2079 exprImam3
1932 2006 2028 2061 sed
2064 2005 2243 2060 mirum,

400 2090 662 2160 quantum
719 2087 978 2157 temporis
1019 2087 1078 2142 in
1115 2087 1315 2142 itinere
1352 2092 1722 2158 per-moratae,
1783 2102 1955 2157 quare
1985 2086 2093 2157 jam
2126 2092 2249 2137 conor

400 2167 584 2224 omnia
617 2166 697 2221 sic
733 2164 1018 2237 disponere
1039 2210 1054 2231 ,
1097 2172 1160 2222 ut
1193 2168 1309 2222 tale
1345 2167 1478 2238 quid
1504 2166 1744 2237 amplius
1770 2183 1881 2220 non
1908 2166 2140 2226 accidat,
2171 2173 2250 2231 quo

400 2247 531 2302 mihi
587 2244 792 2301 similes
846 2247 1071 2303 delicias
1107 2250 1164 2302 et
1201 2248 1419 2319 saepius
1456 2247 1685 2318 posthac
1712 2246 2041 2318 'promittere
2076 2242 2252 2319 possim.

397 2328 684 2385 Caeterum
723 2343 1000 2399 nunquam
1038 2327 1299 2400 deceptus
1336 2327 1417 2382 fui
1452 2327 1512 2381 in
1554 2327 1845 2398 opinione,
1890 2344 2053 2398 quam
2090 2333 2253 2391 semper

398 2408 464 2462 de
503 2410 557 2461 te
594 2406 741 2469 fovi;
781 2409 835 2461 te
873 2408 1128 2463 nimirum
1167 2425 1293 2462 eum
1331 2426 1478 2474 esse,
1519 2409 1653 2481 qui,
1693 2408 2025 2480 posthabitis
2049 2402 2254 2462 omnibus

395 2486 788 2561 temporalibus
824 2486 1033 2557 delicijs
1058 2489 1355 2559 (quatenus
1381 2487 1699 2544 intellectus
1727 2486 1907 2543 cultui
1933 2487 2147 2553 obsunt)
2166 2485 2255 2537 stn-

397 2568 500 2639 dijs
536 2567 692 2623 bonis
716 2570 829 2621 tam
856 2567 997 2622 serio
1021 2565 1277 2622 addictus
1303 2584 1361 2623 es
1378 2610 1392 2632 ,
1434 2574 1498 2623 ut
1522 2568 1833 2623 existimem
1859 2582 2064 2639 paucos
2089 2571 2255 2636 (quam-

396 2650 482 2705 vis
518 2647 776 2720 permulti
810 2645 921 2717 jam
957 2648 1016 2703 in
1053 2664 1117 2701 eo
1155 2648 1300 2713 sint,
1356 2652 1419 2703 ut
1456 2648 1784 2721 sapientiam
1822 2664 1922 2719 pro
1956 2646 2154 2702 viribus
2184 2656 2255 2693 8¹1·

399 2729 590 2801 geant)
615 2727 699 2782 tui
725 2726 932 2783 similes
956 2728 1200 2799 reperiri.
1243 2728 1447 2783 Verum
1474 2728 1523 2783 si
1550 2728 1859 2783 firmissime
1886 2726 2109 2790 credidi,
2142 2717 2256 2794 quod
2296 2746 2302 2753 ¹

399 2810 480 2863 ita
515 2810 672 2861 tuum
710 2824 855 2871 esse,
917 2811 1182 2879 quantum
1221 2807 1435 2880 concipi
1474 2812 1689 2880 potest,
1748 2807 1956 2879 optime
1993 2798 2257 2863 conservari

402 2888 645 2950 coneris,
706 2904 813 2942 non
871 2888 1050 2943 minus
1103 2905 1397 2959 persuasus
1433 2889 1513 2944 fui
1551 2893 1609 2944 te
1646 2892 1761 2943 tam
1798 2903 2107 2958 generosam
2142 2896 2255 2939 mon·

402 2970 513 3021 tem
550 2964 853 3035 possidere,
894 2972 956 3021 ut
992 2967 1061 3021 ad
1098 2966 1277 3022 simile
1314 2968 1674 3023 obtinendum
1714 2966 1877 3022 etiam
1914 2984 2011 3038 pro
2035 2964 2172 3034 alijs,
2204 2960 2257 3013 si·

401 3044 620 3119 quidem
657 3062 750 3100 eos
785 3046 1180 3117 promovendae
1220 3046 1439 3103 veritati
1464 3051 1629 3120 aptos
1656 3062 1988 3120 cognoscas,
2014 3054 2258 3119 procurato
