2432 3554
1296 223 1410 280 148

474 383 801 452 Impudentia
854 381 1078 454 pudoris
1133 381 1370 455 privatio
1423 385 1540 440 sive
1576 386 1826 441 excussio
1857 390 1971 448 est,
2029 403 2132 442 nou
2165 389 2266 440 orta
2373 445 2375 452 ,

396 463 645 530 ratione,
706 464 799 517 sed
842 461 932 517 vel
967 464 1192 536 pudoris
1229 463 1542 535 ignorantia
1577 466 1687 534 (uti
1725 466 1783 520 in
1811 466 2021 536 pueris,
2063 466 2268 520 homini«
2373 469 2375 510 f

372 544 499 616 ‘bus
538 543 926 614 sylvestribus,
969 545 1105 612 etc.)
1142 541 1234 599 vel
1271 544 1415 615 quod
1443 544 1672 616 aliquis,
1712 545 1768 600 in
1793 561 1992 617 magno
2016 551 2168 600 antea·
2189 545 2264 598 de·

398 630 588 695 spectu
627 623 877 686 habitus,
918 623 1035 677 sine
1073 622 1187 678 ulla
1225 624 1660 678 consideratione
1695 625 1879 678 omnia
1907 625 2020 695 jam
2047 625 2266 696 despicit,

466 780 665 852 Itaque
704 778 1051 852 passionibus
1089 781 1238 836 hisce
1275 781 1542 852 cognitis,
1583 783 1964 852 cognoscimus
1999 783 2158 836 etiam
2189 799 2267 834 va-

396 861 625 916 nitatem
664 865 721 915 et
756 861 1220 931 imperfectionem
1257 877 1394 932 quas
1431 862 1489 916 in
1529 877 1586 915 se
1624 861 1842 918 habent.
1887 863 2052 922 Quod
2086 863 2154 916 ad
2190 862 2266 916 ho·
2373 903 2375 926 ,

395 957 582 994 norem
639 939 785 994 enim
822 943 878 995 et
914 939 1203 1010 pudorem,
1265 957 1374 994 non
1413 940 1587 995 solum
1626 940 1882 1005 inutiles,
1922 957 2050 997 vero
2087 942 2263 997 etiam-

390 1025 657 1092 quantum
698 1037 878 1074 amore
917 1021 1001 1075 sui
1040 1020 1298 1074 nituntur
1333 1019 1695 1091 opinioneque
1744 1020 2262 1092 hominem-primam-

393 1117 616 1172 operum
658 1117 875 1155 suorum
914 1117 1133 1155 causam
1172 1119 1310 1161 esse,
1351 1099 1580 1172 ideoque
1607 1100 1825 1155 laudem
1849 1101 2262 1172 vituperiumque

397 1181 621 1244 mereri,
663 1179 908 1234 damnosi
946 1181 1083 1235 adeo
1121 1183 1176 1234 et
1212 1179 1497 1249 rejiciendi
1535 1185 1681 1235 sunt.

462 1339 581 1393 Nec
637 1355 764 1393 vero
822 1339 1031 1402 dicam,
1092 1340 1170 1393 ita
1215 1340 1362 1393 inter
1399 1338 1642 1392 homines
1679 1335 2157 1401 vivendum‘esse,
2191 1333 2257 1388 uti

389 1421 545 1471 extra
583 1435 702 1482 eos,
762 1418 855 1473 ubi
894 1436 995 1474 nec
1032 1419 1203 1473 honos
1239 1435 1340 1473 nec
1379 1417 1553 1488 pudor
1589 1417 1771 1479 adest;
1813 1417 2120 1472 σωθῶσι
2150 1430 2258 1470 oon-0

392 1499 591 1561 trario‚
643 1498 801 1553 nobis
838 1516 948 1552 non
987 1499 1162 1553 solum
1203 1499 1366 1554 licere
1404 1499 1473 1554 iis
1510 1501 1626 1564 uti,
1665 1500 1888 1571 quando
1924 1499 2256 1570 in··pmximo·

390 1593 509 1630 rum
538 1581 846 1632 nostrorum
872 1578 1235 1642 commodum,
1276 1593 1472 1651 eosque
1501 1584 1562 1634 ut
1579 1580 1947 1642 emendemus,
1989 1575 2260 1634 illosadhi-

392 1656 642 1719 beamuS,
688 1657 780 1712 sed
820 1658 978 1713 nobis
1008 1659 1170 1712 etiam
1197 1659 1277 1713 ita
1302 1675 1462 1732 agere
1489 1660 1652 1714 licere
1675 1659 2038 1713 diminutione
2064 1660 2258 1710 nostrae

390 1735 686 1807 (perfectae
725 1737 861 1793 alias
900 1737 1213 1811 licitaeque)
1254 1738 1566 1801 libertatis:
1613 1739 1696 1794 uti
1733 1756 1784 1795 v.
1827 1755 1876 1795 c.
1917 1737 2132 1810 quando
2169 1733 2254 1789 ali-

388 1814 512 1887 quis
548 1823 865 1889 sumptuose
900 1836 958 1873 se
995 1819 1193 1884 vestit,
1233 1834 1297 1872 eo
1333 1824 1397 1873 ut
1434 1820 1780 1883 aestimetur,
1825 1819 2078 1873 honorem
2101 1830 2248 1888 quae·

386 1896 461 1949 rit
516 1914 581 1950 ex
638 1896 723 1951 sui
780 1896 952 1969 ipsius
988 1914 1168 1952 amore
1204 1898 1586 1969 procedentem
1623 1898 1778 1955 nullo
1813 1898 2044 1969 proximi
2077 1896 2157 1951 sui
2183 1910 2258 1948 ren

386 1981 611 2047 spectu;
671 1979 887 2048 quando
924 1980 1105 2032 autem
1142 1978 1343 2050 aliquis
1380 1980 1702 2051 sapientiam
1741 1996 1892 2034 suam
1932 1982 2062 2051 (qua
2096 1975 2254 2049 prox-Ji·

388 2073 475 2109 mo
532 2072 630 2110 suo
689 2056 845 2112 utilis
894 2074 1011 2112 esse
1066 2064 1270 2129 posset)
1325 2058 1532 2130 despici
1577 2060 1820 2131 pedeque
1857 2058 2052 2115 calcari
2087 2056 2252 2117 videt,

386 2136 515 2207 quia
570 2136 715 2191 mala
751 2141 903 2191 veste
940 2137 1169 2193 ind‘utus
1206 2141 1321 2202 est,
1383 2139 1518 2193 bene
1555 2140 1672 2211 agit
1709 2140 1754 2193 si
1791 2144 1986 2211 sponte
2022 2154 2144 2199 sua·
2193 2137 2254 2187 Ἡ*

382 2217 453 2272 iis
477 2222 792 2281 succurrat,
833 2221 1039 2272 vestem
1059 2261 1073 2283 ,
1114 2236 1222 2290 qua
1252 2236 1361 2273 non
1388 2218 1732 2274 offendantur
1749 2256 1766 2283 ,
1795 2218 1992 2275 induat
2013 2255 2026 2280 ,-
2053 2218 2252 2287 itaque,

380 2301 688 2371 proximum
728 2304 791 2355 ut
826 2301 932 2355 sibi
970 2300 1247 2365 vindicet,
1287 2299 1534 2371 proximo
1571 2314 1630 2351 se
1667 2296 1899 2353 similem
1935 2294 2132 2355 reddat.

450 2774 616 2836 Quod
661 2795 821 2849 porro
858 2778 926 2833 ad
964 2776 1368 2850 Impudentiam
1407 2776 1637 2840 attinet,
1686 2772 1853 2830 talem
1892 2790 1948 2829 se
1983 2769 2127 2826 nobis
2159 2782 2243 2857 os·

374 2855 588 2920 tendit,
651 2861 739 2921 ut,
800 2858 871 2916 ad
926 2859 1199 2914 defectum
1238 2857 1356 2927 ejus
1393 2855 1744 2920 intuendum,
1795 2852 2101 2909 definitione
2129 2860 2250 2916 031⁵

376 2938 594 2990 tantum
632 2954 768 3009 opus
806 2936 963 2994 nobis
1000 2938 1088 2994 sit.
