2432 3554
1132 158 1251 216 220

615 316 865 374 CAPUT
903 318 1343 375 VICESIMUM
1377 317 1763 379 QUINTUM.

989 492 1066 531 DE
1103 491 1394 531 DIABOLIS.

317 634 401 689 De
444 634 695 690 Diabolis
736 638 917 689 utrum
957 637 1069 690 sint
1104 653 1175 689 an
1200 652 1310 689 non
1338 634 1450 690 sint
1476 634 1712 690 breviter
1729 633 1842 705 jam
1871 634 2208 691 dicemus,

317 794 375 849 Si
428 793 697 849 Diabolus
752 811 839 848 res
896 798 981 849 est
1034 794 1151 849 Deo
1204 792 1427 849 omnino
1465 794 1771 857 contraria,
1830 796 1891 847 et
1930 810 2116 865 quae
2165 812 2208 848 a.

244 874 365 929 Deo
421 873 558 927 nihil
616 873 814 937 habet,
872 890 995 929 oum
1053 874 1172 944 ipso
1209 873 1384 929 nihilo
1421 874 1710 937 convenit,
1768 873 1834 926 de
1877 890 2008 944 quo
2051 874 2202 945 jam

247 958 410 1007 antea
445 953 705 1007 diximus.

312 1114 370 1167 Si
426 1130 549 1166 eum
596 1114 747 1181 (cum
785 1110 1091 1179 nonnullis)
1134 1128 1245 1165 rem
1285 1111 1557 1183 quandam
1594 1111 1930 1181 cogitantem
1981 1110 2200 1168 habe-

241 1210 393 1254 mus,
452 1209 589 1263 quae
646 1189 859 1245 nullum
917 1191 1139 1245 omnino
1198 1190 1396 1245 bonum
1436 1191 1558 1246 vult
1595 1207 1696 1245 nee
1731 1189 1906 1251 facit,
1983 1209 2204 1265 seque

242 1276 414 1325 totam
469 1274 660 1325 contra
716 1272 893 1327 Deum
938 1271 1203 1335 vertitur,
1263 1275 1410 1325 certe
1445 1270 1609 1325 valde
1645 1268 1992 1324 miserabilis
2045 1278 2197 1335 est.

240 1356 295 1405 et
332 1350 377 1405 si
417 1366 601 1421 preces
637 1350 916 1411 valerent,
957 1367 1055 1420 pro
1091 1350 1211 1419 ejus
1249 1352 1604 1405 conversione
1640 1348 1909 1403 orandum
1953 1357 2173 1409 esset.

310 1588 609 1643 Videamus
664 1591 846 1642 autem
902 1604 973 1641 an
1028 1604 1114 1641 res
1158 1591 1270 1641 tam
1311 1589 1636 1645 miserabilis
1679 1589 1767 1643 vel
1805 1607 2002 1645 unum
2051 1597 2202 1650 exi·

237 1674 379 1723 stete
418 1675 600 1740 posset
638 1672 1005 1728 momentum;
1044 1685 1154 1739 quo
1190 1668 1338 1723 facto
1376 1670 1562 1724 statim
1601 1668 1950 1725 inveniemus
2003 1678 2196 1744 quod

239 1767 387 1812 non3
446 1769 475 1803 e
529 1749 607 1803 rei
664 1747 809 1803 enim
868 1748 1197 1819 perfectione
1257 1750 1434 1804 omnis
1488 1750 1608 1820 ejus
1663 1749 1884 1804 duratio
1947 1768 2198 1821 proee-

235 1829 349 1891 dit,
411 1834 466 1882 et
522 1845 629 1900 quo
679 1826 803 1898 plus
852 1831 1121 1881 essentiae
1158 1830 1215 1882 et
1253 1829 1562 1884 divinitatis
1601 1830 1660 1884 in
1697 1847 1753 1884 se
1791 1829 2020 1886 habeat
2047 1875 2066 1896 ,
2115 1841 2200 1890 σο

236 1908 485 1964 stabilior
520 1907 643 1962 erit.
695 1906 961 1961 Diabolus
996 1923 1124 1960 vero
1164 1927 1231 1962 ne
1256 1909 1342 1963 vel
1371 1910 1648 1964 minimam
1674 1909 1894 1980 quidem
1923 1915 2196 1980 perfee-

233 1989 437 2044 tionem
474 1991 531 2043 in
570 2007 627 2042 se
656 1988 889 2052 habene,
932 1989 1203 2058 quomodo
1231 1990 1462 2044 existere
1489 1990 1711 2060 posset?
1760 1987 1926 2043 Adde
1947 2031 1966 2050 ,
2027 1996 2200 2064 quia

235 2069 509 2124 stabilitas
567 2070 681 2124 sive
738 2067 956 2122 duratio
1013 2069 1158 2122 modi
1214 2070 1272 2122 in
1329 2085 1386 2122 re
1425 2069 1703 2140 cogitante
1740 2068 1808 2122 ab
1845 2085 2077 2126 amore⁴
2121 2080 2194 2129 et

236 2149 435 2204 unione
472 2149 591 2218 ejus
629 2165 751 2203 cum
793 2149 909 2202 Deo
946 2147 1176 2218 pendet,
1223 2148 1664 2219 contrariumque
1701 2165 1926 2219 prorsus
1975 2149 2192 2223 hujus

236 2228 454 2284 unionis
492 2245 615 2282 cum
652 2227 711 2282 in
750 2226 1000 2282 Diabolis
1026 2227 1214 2291 detur,
1255 2228 1371 2283 fieri
1398 2245 1507 2282 non
1537 2244 1725 2299 posse,
1767 2231 1829 2282 ut
1853 2228 2182 2289 existant.

300 2547 441 2602 Cum
476 2562 606 2601 vero
644 2544 798 2600 nulla
834 2544 997 2599 detur
1031 2546 1328 2600 necessitas
1364 2544 1628 2600 Diabolos
1665 2543 1906 2616 ponendi
1926 2588 1942 2610 ‚
2013 2555 2186 2624 quia,

232 2643 424 2682 causas
478 2625 622 2689 odii,
684 2624 956 2688 invidiae,
1016 2624 1332 2682 iracundiae
1387 2627 1444 2678 et
1497 2623 1764 2694 ejusmodi
1802 2625 2184 2696 passionum

231 2705 479 2760 invenire
536 2721 857 2774 possumu5‚
916 2704 999 2758 uti
1050 2704 1311 2768 fecimus,
1353 2721 1528 2775 neque
1566 2705 1636 2759 ad
1671 2704 1811 2759 illud
1849 2705 2184 2777 ejusmodi

232 2784 547 2840 fictionibus
582 2783 741 2838 nobis
777 2799 915 2855 opus
952 2783 1051 2848 sit,
1093 2799 1260 2854 quare
1297 2782 1424 2838 illos
1461 2777 1822 2855 poneremus?
