2432 3554
1261 133 1374 188 174

358 297 435 352 sit
492 293 599 348 nisi
650 293 719 348 ab
772 292 872 348 hoo
908 291 1073 347 illove
1112 295 1364 381 appetitu
1407 293 1715 359 abstracta,
1769 313 1942 367 neque
1980 299 2226 366 praeterea

361 379 419 431 in
456 380 654 430 natura
680 374 899 429 realiter
925 376 1200 439 existenS,
1243 373 1382 430 nihil
1411 375 1575 429 etiam
1594 413 1614 440 ,
1652 381 1910 446 tanquam
1939 374 2042 430 tale
2066 417 2078 435 ,
2115 391 2220 430 eau-

361 474 483 511 sare
509 459 703 526 potest.

764 849 1015 904 CAPUT
1053 851 1420 906 DECIMUM
1457 851 1848 906 OCTAVUM.

826 1023 905 1060 DE
938 1023 1438 1062 PRABGEDENTIUM
1475 1023 1801 1064 UTILITATE-

436 1149 575 1203 Cum
634 1149 933 1204 viderimus
991 1149 1294 1216 hominem,
1351 1151 1552 1222 quippe
1612 1151 1784 1206 totius
1835 1169 1867 1206 a
1910 1169 2016 1224 qua
2059 1149 2230 1223 pendet

365 1231 682 1300 regiturque
740 1235 971 1284 naturae
1016 1234 1254 1300 partem,
1311 1249 1384 1303 *ex
1423 1249 1480 1284 se
1517 1231 1637 1301 ipso
1673 1231 1740 1285 ad
1782 1231 2011 1286 salutem
2049 1231 2232 1286 valetu-

366 1311 658 1380 dinemque
696 1326 850 1364 suam
890 1309 1027 1364 nihil
1066 1308 1274 1364 efficere
1312 1327 1502 1381 posse:
1543 1307 1825 1364 videamus
1857 1310 1968 1380 jam
1997 1326 2232 1382 quaenam

368 1389 641 1446 utilitates
697 1407 763 1443 ex
822 1389 969 1444 hisee
1007 1389 1471 1460 propositionibus
1511 1389 1666 1444 nobis
1705 1390 2012 1460 profluant;
2069 1393 2119 1443 et
2152 1388 2234 1442 hoe

367 1487 432 1524 eo
472 1469 681 1540 magis,
720 1471 849 1538 quia
887 1487 996 1523 non
1036 1469 1352 1524 dubitamus
1389 1469 1522 1540 quin
1561 1467 1886 1540 quibusdam
1930 1487 2036 1524 non
2071 1483 2231 1540 parum

370 1549 749 1620 displiciturae
788 1551 913 1605 sint.

438 1707 615 1760 Primo
664 1706 913 1777 sequitur
970 1706 1099 1760 inde
1120 1747 1133 1769 ,
1194 1706 1340 1779 quod
1391 1705 1460 1762 ab
1497 1705 1596 1760 illo
1633 1705 1778 1777 quod
1818 1707 2236 1776 perfectissimum

366 1792 482 1849 est,
550 1788 629 1841 ita
682 1787 1048 1858 pendeamuS,
1115 1794 1177 1841 ut
1233 1791 1492 1859 tanquam
1551 1789 1724 1842 totius
1779 1788 1818 1841 i.
1861 1806 1910 1841 e.
1952 1787 2070 1857 ejus
2103 1802 2231 1857 pam.

366 1869 613 1919 nostrum
672 1868 835 1919 etiam
889 1865 1246 1920 adhibeamus
1295 1866 1365 1919 ad
1402 1864 1684 1922 efficienda
1720 1869 1804 1919 tot
1844 1865 1980 1920 bene
2017 1866 2234 1920 ordinata

364 1949 426 1999 et
462 1946 705 2015 perfecta
744 1961 907 2015 opera
943 1962 1081 2016 quae
1120 1946 1189 1999 ab
1229 1963 1291 1999 eo
1317 1946 1625 2019 pendeant,
1664 1944 1792 1999 inde
1819 1945 1994 2014 (dieo)
2022 1944 2236 2017 sequitur

369 2043 471 2081 nos
508 2043 633 2080 vere
670 2026 931 2093 famuIOS,
974 2028 1084 2083 imo
1113 2046 1296 2083 servos
1325 2029 1430 2085 Dei
1457 2046 1574 2083 esse
1601 2028 2004 2100 maximamque
2029 2032 2233 2085 nostram

365 2124 485 2163 esse
525 2107 949 2178 perfectionem,
990 2108 1090 2163 hoe
1120 2108 1434 2165 ,necessario
1473 2126 1604 2165 esse.

440 2346 671 2398 Secundo
708 2346 873 2399 etiam
913 2344 1043 2401 haee
1080 2346 1324 2417 cognitio
1362 2346 1554 2410 efficit,
1617 2352 1679 2402 ut
1703 2390 1718 2413 ‚
1759 2349 2050 2420 praecipua
2082 2344 2234 2414 aliqua

368 2440 425 2478 re
464 2430 719 2495 peraeta,
759 2425 826 2479 de
865 2442 927 2479 ea
966 2442 1075 2479 non
1114 2427 1490 2497 superbiamus
1533 2430 1695 2499 (quae
1723 2428 1976 2499 superbia
2001 2426 2235 2483 causaest

370 2510 468 2566 ut,
529 2504 739 2576 aliquid
796 2506 981 2575 magni
1033 2522 1131 2559 nos
1188 2510 1599 2577 reputantes‘et
1635 2508 1789 2577 quasi
1829 2506 2002 2562 nihilo
2037 2502 2234 2574 amplius

368 2588 625 2654 egenteS,
668 2586 926 2641 sistamus
963 2585 1055 2639 ubi
1090 2586 1203 2655 jam
1245 2602 1456 2647 sumus:
1505 2586 1648 2655 quod
1683 2586 1890 2640 dii-eote
1917 2590 2114 2657 pugnat
2133 2596 2233 2637 eum

365 2664 699 2734 perfectione
739 2668 952 2728 nostra,
993 2665 1051 2718 in
1090 2682 1154 2718 eo
1193 2666 1559 2727 consistente,
1599 2664 1744 2735 quod
1785 2682 1996 2736 semper
2023 2659 2232 2735 progredi

366 2746 552 2797 eonati
609 2745 923 2814 debemus):
982 2744 1079 2804 sed
1130 2763 1159 2799 e
1196 2745 1472 2800 contrario
1511 2744 1694 2798 omnia
1730 2761 1869 2815 quae
1907 2746 2108 2816 agimus
2139 2742 2232 2797 Deo

366 2823 809 2888 contribuamus,
864 2824 1063 2896 quippe
1100 2826 1193 2895 qui
1235 2826 1408 2895 prima
1446 2825 1668 2896 solaque
1706 2842 1872 2881 eausa
1909 2832 1992 2881 est
2027 2822 2230 2879 omnium

368 2920 509 2975 quae
546 2905 763 2974 agimus
798 2903 1185 2976 efficimusque.
