2432 3554
1328 239 1446 296 292

429 399 603 454 tiente
642 401 789 455 omni
829 401 936 455 ista
973 403 1163 455 sancta
1201 417 1344 456 com·

433 482 734 545 munitate,
793 499 972 536 coram
1031 480 1240 536 sanctis
1286 480 1348 534 li-

429 561 574 624 bris.
613 578 736 616 cum
777 561 1053 616 sexcentis
1087 564 1142 614 et
1165 560 1344 614 trede-

428 643 535 698 cim
595 643 894 714 preceptis,
960 659 1099 712 quae
1159 641 1219 697 in
1276 641 1344 695 iis

425 722 631 792 scripta
669 728 827 784 sunt,
869 739 937 776 cu
1027 722 1342 776 anathema·

424 806 480 854 te
499 819 610 873 quo
627 804 669 859 J
670 819 803 856 osua
821 801 859 854 J
861 739 1193 855 erigiontem
1210 820 1339 855 ana-

423 879 832 940 thematizavit,
875 897 999 935 cum
1041 880 1342 935 maledicti-

423 975 526 1013 one
582 978 689 1031 qua
745 959 897 1015 Elisa
951 962 1136 1032 pueris
1176 960 1339 1014 male·

421 1039 592 1098 dixit.
635 1049 690 1094 et
727 1057 853 1095 cum
890 1040 1144 1094 omnibus
1170 1041 1334 1095 male·

421 1119 757 1174 dictionibus
782 1138 921 1191 quae
948 1121 1004 1174 in
1032 1120 1172 1176 libro
1198 1121 1336 1192 legis

420 1199 625 1269 scripta
681 1206 841 1253 sunt:
905 1199 1229 1255 maledictus
1267 1201 1341 1255 sit

417 1295 514 1348 per
569 1279 712 1332 diem
767 1285 821 1334 et
881 1279 1204 1336 maledictus
1256 1283 1331 1335 sit

416 1375 514 1429 per
568 1366 811 1421 noctem,
881 1359 1205 1415 maledictus
1262 1361 1335 1414 sit

417 1437 476 1490 in
533 1438 853 1493 dormiendo
909 1444 967 1494 at
1008 1440 1333 1496 maledictus

415 1517 490 1572 sit
545 1519 601 1572 in
641 1521 1016 1590 exsurgendO,
1074 1521 1331 1576 maledic·

414 1601 506 1652 tus
563 1599 634 1653 sit
681 1599 739 1653 in
779 1600 1032 1655 exeundo
1071 1606 1127 1655 et
1169 1601 1334 1655 male·

410 1677 595 1733 dictus
633 1682 705 1735 sit
732 1681 788 1735 in
816 1681 1100 1743 intrandoz
1143 1682 1332 1738 Domi·

411 1777 516 1814 nus
574 1780 850 1833 nunquam
909 1761 991 1817 illi
1048 1764 1331 1834 ignoscere

407 1840 576 1902 velit,
619 1842 853 1895 furorem
893 1841 1116 1897 Domini
1156 1848 1212 1897 et
1251 1862 1333 1897 ze·

410 1918 526 1986 lum
563 1920 620 1974 in
661 1920 931 1975 hominem
970 1922 1135 1976 istum
1177 1928 1325 1994 post-

410 1996 512 2052 hac
549 2001 736 2054 ardere
763 2002 960 2062 faciat.
1002 2002 1195 2073 illique
1223 2004 1320 2057 im·

407 2084 576 2149 ponat
631 2097 818 2146 omnes
875 2082 1323 2148 maledictioneS,

408 2176 547 2230 quae
603 2162 839 2231 scriptae
897 2168 1026 2217 sunt
1082 2163 1140 2218 in
1182 2163 1324 2218 libro

409 2238 578 2311 legiS,
618 2247 673 2294 et
700 2242 946 2296 destruet
977 2259 1174 2297 nomen
1203 2242 1324 2312 ejus

405 2318 549 2374 infra
574 2320 784 2376 coelum
804 2364 818 2385 ,
861 2316 916 2376 et
942 2323 1212 2377 Dominus
1240 2342 1321 2378 se-

395 2398 596 2471 junget
629 2420 750 2455 eum
791 2402 849 2457 in
886 2402 1088 2456 malum
1117 2403 1184 2457 ab
1211 2420 1324 2457 om·

403 2478 568 2534 nibus
606 2480 830 2536 Israelis
869 2482 1153 2546 tribubus,
1195 2500 1322 2538 cum

403 2560 657 2615 omnibus
713 2560 1192 2617 maledictionibus
1230 2564 1319 2617 fir-

406 2640 706 2706 mamenti,
764 2642 820 2695 in
866 2641 1006 2696 libro
1045 2642 1210 2713 legis;
1264 2646 1321 2697 et

393 2738 493 2776 vos
536 2720 774 2775 Domino
823 2721 940 2775 Deo
981 2727 1164 2778 vestro
1220 2721 1315 2777 ad-

393 2800 680 2855 haerentes
741 2816 841 2855 vos
905 2818 1092 2856 omues
1161 2801 1322 2857 hodie

394 2878 624 2933 salvete!

475 2955 869 3019 Advertente3‚
950 2959 1094 3030 quod
1160 2976 1319 3013 nemo

1418 404 1594 466 esteS,
1646 417 1765 456 com
1812 418 1875 456 os
1920 400 2027 456 seis
2068 404 2225 457 centos
2260 417 2283 453 e

1425 485 1572 535 treze
1634 482 1903 552 preceitos
1927 522 1941 547 ‚
2008 499 2108 554 que
2162 484 2281 535 estao

1418 561 1646 614 escritos
1679 560 1879 623 uelles,
1922 577 2041 616 com
2065 578 2097 616 o
2118 561 2277 616 Herem

1416 657 1523 710 que
1560 639 1856 694 enhermou
1892 639 2123 694 Jeosuah
2155 657 2184 693 a
2212 639 2281 694 Je-

1415 720 1598 782 rieho‚
1662 737 1780 775 com
1826 739 1859 774 a
1896 720 2173 775 maldissao
2203 735 2279 790 que

1414 803 1656 857 maldixe
1693 802 1881 858 Elisah
1921 821 1955 856 a
1990 821 2051 858 os
2074 804 2275 862 Messoa.

1417 900 1446 936 e
1484 899 1603 937 com
1641 882 1799 937 todas
1832 901 1893 937 as
1918 883 2181 938 maldisois
2202 898 2277 953 que

1415 966 1567 1016 estao
1617 963 1869 1018 escrittas
1907 981 1979 1017 na
2016 962 2126 1036 leyz
2177 959 2273 1015 nal-

1408 1041 1552 1097 ditto
1592 1043 1705 1112 seja
1742 1043 1811 1097 de
1849 1044 1942 1098 dia
1979 1061 2008 1097 e
2047 1042 2144 1096 mal
2165 1042 2271 1096 dsstto

1410 1119 1523 1192 seja
1579 1123 1645 1176 de
1683 1123 1866 1188 noite,
1922 1122 2160 1177 malditto
2192 1119 2270 1189 seja

1412 1221 1496 1256 em
1538 1220 1633 1258 seu
1660 1203 1853 1270 deytar
1877 1221 1905 1256 e
1932 1203 2171 1258 malditto
2192 1199 2268 1269 ,eja

1403 1299 1488 1336 em
1562 1301 1656 1337 seu
1722 1282 2002 1345 levantur,
2066 1281 2267 1336 maldltto

1407 1362 1512 1416 elle
1574 1379 1656 1416 em
1703 1379 1799 1416 seu
1837 1363 1965 1433 saiji·
2002 1379 2031 1416 e
2066 1360 2264 1417 malffltto

1404 1442 1510 1497 elle
1550 1461 1633 1496 em
1673 1461 1767 1496 seu
1807 1447 2021 1505 entrnr:
2060 1458 2155 1496 nao
2177 1455 2257 1511 que·

1405 1539 1524 1576 reta
1561 1523 1634 1576 A.
1677 1521 1907 1592 perdoar
1943 1540 1977 1576 a
2020 1521 2146 1583 elle,
2188 1533 2257 1590 quo

1406 1605 1667 1656 entonces
1714 1603 1958 1656 fumeara
1992 1619 2027 1656 0
2060 1602 2189 1655 furor
2210 1597 2257 1650 ‹le

1404 1681 1475 1737 A.
1526 1700 1554 1734 e
1592 1699 1687 1736 seu
1726 1682 1844 1735 zelo
1882 1687 2035 1737 ueste
2071 1681 2260 1739 bomem.

1404 1782 1433 1817 e
1480 1780 1676 1833 yazera
1713 1761 1857 1817 nelle
1894 1762 2069 1819 todas.
2086 1780 2140 1817 as
2168 1756 2262 1813 mal·

1406 1843 1607 1902 discis,
1668 1860 1729 1898 as
1775 1844 2002 1899 escrit-as
2039 1861 2106 1898 no
2136 1840 2263 1899 Libro

1398 1922 1555 1977 desta
1593 1924 1744 1993 Ley‚
1787 1943 1815 1976 e
1856 1928 2147 1978 arematara
2162 1921 2261 1975 Aa

1395 2020 1492 2057 seu
1531 2020 1689 2057 nome
1729 2003 1967 2058 debaixo
2002 2004 2097 2057 dos
2130 2002 2255 2060 Ceos,

1400 2100 1428 2136 e
1459 2081 1766 2153 apertam-a
1804 2083 1877 2139 A.
1908 2100 2039 2153 para
2064 2080 2182 2144 mal,
2210 2076 2261 2129 de

1396 2161 1556 2217 todos
1577 2179 1637 2216 os
1665 2162 1843 2217 tribus
1867 2162 1935 2217 de
1956 2160 2147 2219 Israel.
2166 2170 2255 2213 eom

1396 2241 1555 2296 todas
1606 2260 1666 2297 as
1706 2241 1987 2297 maldisois
2023 2242 2091 2296 do
2120 2240 2256 2293 firma·

1396 2324 1610 2385 mento,
1664 2338 1725 2375 as
1768 2321 1995 2377 escritas
2030 2338 2097 2377 no
2126 2314 2261 2375 Libr⁰

1396 2402 1468 2456 da
1522 2403 1642 2473 Ley
1679 2406 1829 2464 esta;
1894 2420 1924 2456 e
1960 2419 2056 2457 vos
2088 2417 2141 2455 os
2168 2410 2261 2465 ape·

1395 2482 1566 2554 gados
1603 2498 1725 2537 eom
1761 2482 1833 2538 A.
1863 2500 2024 2538 vosso
2046 2482 2115 2539 De
2138 2476 2261 2533 vivos

1392 2562 1552 2617 todos
1588 2580 1687 2617 vos
1723 2562 1850 2633 oye!

1464 2961 1801 3017 Advirtindo
1862 2978 1969 3034 que
2037 2960 2257 3029 ninguem

397 3053 522 3089 eum
579 3034 782 3106 alloqui
844 3041 1017 3107 possit
1055 3038 1308 3103 oraliter‚
1387 3040 1475 3094 lhe
1538 3042 1677 3112 pode
1728 3040 1889 3096 fallar
1926 3036 2250 3096 bocalmente.

397 3130 557 3168 nemo
594 3131 688 3183 per
722 3116 1014 3185 scriptum,
1056 3135 1214 3171 nemo
1260 3120 1309 3172 ei
1384 3136 1507 3173 nem
1536 3137 1631 3192 por
1658 3121 1887 3183 escrito,
1929 3136 2047 3207 nem
2068 3117 2158 3171 dar
2180 3111 2252 3165 lhfl
