2432 3554
17 429 52 457 -ρ

17 504 28 537 b

1109 213 1226 270 359

223 386 316 436 tur
351 380 521 452 igitur
558 378 820 442 Celer-us,
860 377 918 433 in
954 376 1295 432 incredulum
1323 374 1485 431 nimis
1510 374 1755 429 infensus
1780 373 2096 444 Meyerum,

221 461 433 516 facinus
471 460 520 514 ei
559 459 874 514 attribuisse
912 477 944 512 a
982 458 1085 512 viri
1124 456 1305 511 indole
1344 473 1452 509 non
1491 455 1669 508 minus
1695 471 1854 525 quam
1894 471 1925 507 a
1962 469 2104 508 com·

218 540 406 595 mercii
443 539 562 610 ejus
605 539 983 609 amicitiaeque
1022 554 1142 592 cum
1182 536 1419 606 Spinoza
1454 534 1674 590 vinculo
1698 532 2107 590 alienissimum.

293 618 498 674 Eodem
539 618 900 690 judicandum
943 617 1048 670 erit
1085 615 1245 670 modo
1283 615 1350 668 de
1386 614 1496 669 alio
1531 612 1806 682 Theologo
1843 613 1947 684 ipsi
1985 612 2107 685 Spi-

217 719 386 758 nozae
441 700 710 755 actionem
748 697 1116 759 attribuente,
1172 697 1279 750 viri
1318 695 1513 749 summi
1550 693 1772 748 aliunde
1808 693 1945 747 satis
1981 709 2105 763 eog-

215 781 366 837 nitae
420 779 592 834 indoli
647 795 866 850 prorsus
923 776 1269 831 contrariam.
1359 775 1563 828 Narrat
1616 773 1759 826 enim
1816 771 2105 842 Philippus

214 879 248 916 a
303 858 594 917 Limborch
639 861 686 919 ¹.
760 855 1265 912 Remonstrantium
1323 855 1442 925 (qui
1498 854 1783 920 dicuntur)
1827 868 1927 905 suo
1968 856 2104 906 tem-

211 957 341 1012 pore
397 939 666 1009 professor
719 935 1277 1000 Amstelodamensis,
1347 935 1406 989 in
1462 933 1692 1005 epistola
1746 931 1978 1004 quadam
2034 931 2105 986 ad

213 1017 488 1074 Clericum
517 1022 566 1069 ²:
618 1015 879 1082 „memini
921 1032 1004 1067 me
1041 1019 1168 1068 ante
1204 1013 1525 1068 sexennium
1562 1013 1630 1066 ad
1668 1013 1980 1067 convivium
2018 1029 2108 1066 vo-

212 1101 425 1162 catum,
467 1097 555 1151 eui
573 1137 588 1158 ,
628 1099 837 1166 praeter
860 1111 1014 1148 meam
1036 1091 1459 1162 expectationem”
1482 1093 1651 1161 (vide,
1681 1109 1839 1163 quam
1863 1091 2103 1146 liberalis

212 1177 378 1233 fuerit
415 1175 670 1244 mentisl)
727 1175 974 1237 „author
1010 1173 1098 1228 hic
1136 1173 1198 1242 [i.
1237 1190 1282 1228 e.
1320 1171 1581 1244 Spinoza]
1620 1172 1912 1226 intererat:
1960 1175 2105 1226 inter

212 1257 540 1329 precandum
579 1255 737 1326 signa
775 1252 942 1307 animi
980 1251 1271 1322 irreligiosi
1308 1251 1662 1314 ostendebat,
1700 1250 1962 1306 adhibitis
1986 1268 2105 1321 ges·

211 1337 390 1400 tibae,
431 1334 632 1408 quibus
661 1351 788 1394 nos,
829 1333 922 1403 qui
951 1332 1129 1386 Deum
1155 1332 1538 1402 precabamur,
1582 1330 1851 1385 stultitiae
1876 1348 2101 1401 arguere

209 1415 545 1471 videbatur.”
603 1413 756 1473 Quid
793 1411 922 1466 inde
959 1411 1338 1467 deducendum
1352 1410 1389 1464 ἲ.
1418 1411 1518 1464 hoc
1556 1427 1747 1481 nempe
1780 1411 1827 1466 1.
1852 1409 2103 1464 Limbor-

207 1495 392 1552 chium
449 1497 596 1548 inter
637 1493 969 1564 precandum
1008 1508 1116 1545 non
1155 1492 1409 1563 precibus
1445 1491 1667 1562 Deoque
1706 1491 1798 1544 sed
1836 1490 2101 1560 Spinozae

205 1575 434 1650 ejusque
471 1571 797 1644 praesumtis
833 1570 1079 1638 gestibus
1105 1572 1379 1626 intentum
1406 1570 1587 1626 fuisse.
1628 1572 1678 1624 2.
1709 1571 1884 1641 ipsum
1912 1577 2099 1642 gestus

206 1651 332 1709 illos
366 1681 432 1693 —
472 1652 530 1716 si!
555 1651 774 1722 quidem
800 1649 1033 1710 fuerint,
1077 1651 1221 1720 quod
1248 1651 1409 1705 valde
1434 1650 1790 1704 dubitandum
1817 1681 1889 1690 —
1916 1667 2102 1721 perpe-

205 1746 320 1789 ram
357 1747 576 1802 prorsus
614 1728 946 1800 explicasse:
989 1745 1098 1784 non
1135 1729 1279 1785 enim
1304 1728 1581 1802 iSpinozae
1621 1731 1905 1801 prudentis
1930 1747 2099 1803 aeque

205 1829 270 1868 ac
334 1812 604 1865 humanae
666 1809 869 1865 indolis
947 1813 1066 1865 erat
1135 1810 1445 1865 istiusmodi
1500 1810 1745 1880 gestibus
1782 1810 2095 1881 indulgere,

205 1890 404 1965 quibus
442 1889 668 1945 alterius
707 1888 833 1943 fidei
873 1889 1235 1944 sectatoribus
1270 1887 1535 1947 irrideret.
1608 1890 1954 1960 Praejudicio
1992 1906 2092 1944 suo

217 2041 310 2057 .-

198 2119 322 2165 laten
353 2118 535 2177 leggen,
563 2117 618 2177 by
649 2116 749 2163 zich
779 2116 923 2164 kwam
951 2120 1000 2163 te
1029 2118 1234 2173 steeken,
1278 2132 1339 2165 eu
1370 2117 1597 2173 daarmee,
1632 2116 1872 2163 denzelven
1902 2116 1989 2176 dag
2014 2116 2091 2163 dat

202 2190 397 2250 Spinoza
429 2204 519 2235 was
552 2194 815 2248 gestor-ven,
849 2190 884 2234 ’s
917 2188 1086 2235 avonds
1117 2187 1163 2233 in
1196 2187 1251 2234 de
1284 2189 1577 2249 nachtschuyt
1608 2204 1666 2234 na
1696 2187 1975 2234 Amsterdam
2004 2203 2097 2234 ver·

197 2260 304 2307 trok
335 2274 392 2304 en
420 2259 653 2319 doorgiug.
688 2260 844 2321 Doch,
879 2260 1050 2305 scheon
1082 2258 1136 2304 de
1167 2257 1311 2317 deugd
1342 2259 1414 2305 die
1444 2259 1526 2305 Dr.
1544 2258 1699 2319 Meyer
1725 2258 1809 2304 had
1834 2274 1905 2319 my
1929 2259 2095 2318 gansch

195 2328 428 2389 onkundig
474 2330 534 2385 is,
587 2344 660 2375 om
711 2330 809 2376 hem
859 2342 946 2375 vau
995 2329 1098 2375 zulk
1129 2342 1210 2375 een
1245 2328 1357 2375 <laad
1393 2330 1488 2376 heel
1518 2344 1597 2389 vry
1632 2334 1679 2375 te
1710 2330 1895 2387 kenren3
1944 2329 1991 2374 ik
2025 2328 2097 2375 wil

197 2402 418 2448 nochta'us
464 2400 650 2446 daartoe
697 2400 793 2446 veel
840 2400 978 2447 liever
1024 2400 1279 2445 σπι-11811011
1298 2436 1312 2457 ,
1360 2416 1434 2446 om
1464 2405 1511 2446 te
1542 2399 1757 2459 gelooven
1788 2399 1865 2446 dat
1898 2400 1981 2459 hy,
2028 2399 2095 2445 als

197 2471 339 2533 zijmle
370 2471 576 2531 geensins
607 2484 692 2517 van
727 2474 762 2517 ’t
792 2470 1020 2530 geri-agate
1051 2470 1148 2529 slag
1178 2469 1257 2517 des
1290 2472 1417 2519 volks
1450 2472 1500 2517 in
1530 2476 1617 2531 zijn
1648 2470 1750 2531 tijd,
1798 2486 1890 2530 nog
1920 2478 1966 2517 te
1998 2471 2094 2517 veel

196 2544 402 2591 eertucbt
435 2542 606 2587 hiertee
637 2541 705 2587 zal
733 2542 876 2600 goliad
911 2540 1103 2598 hebben,
1137 2554 1210 2587 em
1238 2546 1329 2602 zijn
1360 2556 1489 2588 naam
1521 2542 1633 2587 door
1663 2543 1763 2588 zulk
1795 2545 1839 2587 'n
1868 2543 2093 2589 ver-aehte-

176 2610 274 2675 *njk
305 2612 418 2659 doen
447 2626 504 2659 cn
537 2612 655 2657 klein
687 2618 826 2671 genet
857 2618 907 2659 te
935 2610 1204 2660 belrladden:
1250 2626 1373 2659 maur
1404 2618 1623 2659 vertrouw
1654 2614 1843 2668 veeleer‚
1878 2612 1953 2659 (lat
1986 2612 2085 2673 Spi-

194 2700 328 2742 noza,
379 2683 590 2729 voelende
633 2688 720 2742 aijn
753 2684 884 2729 einde
915 2684 1135 2741 naderen,
1183 2696 1269 2729 aaa
1303 2684 1403 2730 hem
1433 2682 1499 2730 dit
1531 2699 1621 2730 mes
1651 2700 1707 2730 cn
1738 2684 1861 2745 geld,
1910 2700 1990 2731 zoe
2023 2688 2093 2731 tot

194 2757 332 2817 zr’j‘ner
369 2753 684 2814 gedachtenis,
733 2754 799 2799 als
833 2767 946 2800 νοω
977 2754 1162 2800 desaell's
1190 2761 1401 2815 moeyten
1430 2769 1485 2801 en
1520 2754 1789 2813 reiskosten,
1831 2761 1907 2817 uyt
1938 2756 2093 2801 erken-

194 2827 314 2873 tenis
347 2840 432 2870 van
463 2825 568 2870 dien
600 2824 884 2884 geschonken
917 2824 1080 2871 heeft.’‘

255 2900 282 2945 1
349 2895 475 2941 Idem
507 2897 634 2955 cujas
664 2894 851 2941 amicam
879 2894 1088 2941 habemus
1104 2908 1204 2941 enm
1221 2895 1354 2943 docto
1368 2896 1531 2944 Judaeo
1556 2896 1827 2954 (Is.Orobie
1844 2896 1897 2945 de
1914 2898 2096 2957 Castro)

190 2966 556 3029 disputationem.
622 2965 854 3012 Versionis
885 2964 1094 3025 Belgicae
1121 2966 1192 3014 ed.
1226 2970 1283 3013 2⁸
1320 2965 1637 3015 amstelodami
1668 2968 1857 3027 prodiit,
1890 2985 1930 3015 a.
1955 2970 2091 3021 1735.

219 3062 224 3067 ·
253 3042 285 3087 2
351 3038 531 3085 Citatur
561 3038 754 3098 epistola
785 3037 832 3083 iu
867 3036 1201 3085 Dissertatione
1230 3039 1387 3087 Theoi.
1418 3039 1569 3098 inaug.
1594 3039 1649 3084 de
1672 3039 1788 3085 Phil.
1808 3039 1905 3087 aL.
1936 3040 2092 3087 Theol-

193 3116 312 3160 auet.
347 3112 401 3157 A.
437 3110 533 3156 Des
566 3110 755 3157 Amor-ie
766 3126 806 3161 v.
823 3108 867 3157 d.
885 3108 1074 3160 Hoeven,
1085 3110 1537 3170 jumAmstelodami,
1568 3110 1685 3171 apud
1701 3110 2095 3159 Ruminalem.
