2432 3554
1300 173 1376 230 26

459 331 640 387 Causa
694 332 865 404 igitur
919 332 1173 396 dicendi,
1228 333 1375 406 quod
1423 334 1607 390 omnia
1642 335 1751 390 ista
1786 335 2082 399 attributa,
2142 353 2283 407 quae

390 411 449 465 in
493 416 692 466 natura
727 417 860 468 sunt
881 453 896 477 ,
957 431 1067 468 non
1105 413 1213 468 nisi
1252 433 1363 470 una
1399 414 1511 469 sint
1549 412 1859 469 substantia
1896 432 1999 470 nee
2034 414 2285 470 diversae

390 490 615 562 (quippe
653 509 790 564 quas
828 493 973 548 inter
1009 510 1067 548 se
1105 493 1443 565 distinguere
1480 498 1538 549 et
1561 494 1821 550 distincte
1846 495 2133 566 concipere
2158 512 2283 566 pos·

389 569 584 637 simus)
623 576 754 627 sunt
790 576 1117 644 sequentes:

461 651 512 704 1.
553 652 684 723 qnia
713 652 829 722 jam
867 653 1020 723 prins
1059 652 1371 707 invenimus
1403 653 1637 708 existere
1662 653 1859 709 debere
1882 671 1981 708 ens
2004 651 2288 709 infinitum

389 734 446 784 et
481 731 810 802 perfectum.
851 749 947 802 per
983 731 1128 803 quod
1168 731 1307 786 nihil
1344 732 1496 787 aliud
1522 732 1761 804 intelligi
1786 737 2001 804 potest,
2043 733 2152 786 nisi
2178 731 2294 786 tale

391 807 458 862 de
485 827 594 881 quo
616 811 802 866 omnia
827 810 884 866 in
910 811 1164 866 omnibus
1193 811 1303 867 dici
1330 812 1546 867 debent.
1588 812 1741 874 Quid
1768 814 1915 868 enim
1941 813 1953 867 l
1996 811 2109 866 enti
2136 813 2291 884 quod

391 890 683 944 essentiam
721 890 958 962 aliquam
1000 891 1164 946 habet
1177 930 1196 957 ,
1237 890 1507 946 attribute
1544 892 1671 963 poni
1710 891 1943 953 debent,
1984 895 2041 944 et
2076 895 2293 962 quanto

393 968 516 1038 plus
553 971 822 1025 essentiae
859 969 910 1025 ei
930 969 1293 1034 adscribitur,
1334 975 1491 1026 tanto
1508 971 1669 1044 plura
1689 970 1961 1027 attributa
1978 971 2027 1026 ei
2048 971 2293 1027 adscribi

392 1048 624 1110 debent:
665 1049 854 1121 itaque
893 1049 986 1105 ubi
1025 1067 1122 1104 ens
1159 1054 1246 1105 est
1268 1050 1542 1106 infinitum
1564 1055 1621 1105 et
1640 1050 1910 1106 attributa
1930 1051 2047 1122 ejus
2068 1051 2293 1106 infinita

395 1146 512 1183 esse
548 1128 784 1187 debent:
835 1133 892 1184 et
928 1129 1030 1184 hoe
1067 1129 1247 1200 ipsum
1284 1134 1368 1184 est
1404 1130 1551 1202 quod
1588 1130 1823 1187 dicimus
1859 1149 1957 1186 ens
1993 1131 2293 1188 infinitum.

461 1605 515 1658 2.
557 1603 786 1673 Propter
816 1603 1118 1667 unitatem,
1157 1620 1323 1675 quam
1347 1602 1548 1676 ubique
1570 1603 1631 1659 in
1656 1606 1855 1658 natura
1878 1603 2163 1668 videmus,
2202 1603 2291 1658 in-

391 1699 500 1753 qua
535 1683 581 1737 si
619 1683 918 1738 existerent
953 1683 1113 1755 plura
1148 1684 1285 1739 talia
1304 1683 1485 1748 entia,
1526 1700 1695 1738 unum
1721 1700 1845 1739 cum
1870 1683 2044 1739 altero
2063 1684 2295 1739 omnino

395 1779 504 1816 non
543 1761 689 1817 uniri
727 1768 912 1835 posset
937 1764 972 1818 Ι.

463 1924 513 1979 3.
567 1922 746 1987 Quia,
807 1922 891 1977 uti
938 1923 1054 1993 jam
1089 1922 1331 1978 vidimus
1366 1922 1513 1995 quod
1551 1941 1661 1979 una
1705 1922 2017 1979 substantie,
2052 1921 2287 1977 alteram

393 2002 689 2073 producere
746 2006 980 2074 nequeat
999 2044 1014 2066 ‚
1085 2020 1186 2059 nec
1242 2002 1438 2066 etiam,
1508 2003 1556 2057 si
1617 2002 1747 2058 talis
1805 2001 2115 2057 substantia
2173 2018 2288 2055 non

391 2087 504 2145 est,
565 2082 738 2153 possit
791 2101 908 2137 esse
963 2082 1203 2153 incipere
1240 2083 1325 2152 ²),
1389 2085 1631 2138 attamen
1686 2082 1968 2144 videmus,
2029 2079 2181 2152 quod
2232 2082 2293 2135 in

453 2347 500 2404 1)
555 2344 595 2391 I.
628 2359 668 2391 e.
686 2342 737 2390 Si
753 2342 952 2390 diversae
966 2348 1118 2391 essent
1135 2342 1413 2391 substantiae
1424 2380 1438 2401 ‚
1470 2357 1585 2401 quse
1600 2356 1691 2388 non
1706 2339 1762 2388 ad
1782 2341 1959 2388 unicum
1974 2339 2197 2399 quoddam
2215 2354 2298 2386 ens

387 2418 678 2474 reserrentur,
727 2416 836 2464 unio
883 2416 982 2463 fieri
1015 2421 1254 2475 nequeret,
1304 2414 1409 2474 quin
1442 2413 1561 2459 clare
1591 2412 1791 2459 videmus
1820 2426 1899 2459 eas
1932 2412 2101 2457 nulla-
2134 2410 2301 2457 habere

385 2491 552 2537 interse
599 2487 978 2545 communionem,
1025 2487 1098 2535 uti
1129 2486 1452 2547 cogitationem
1484 2489 1531 2531 et
1561 2482 1865 2531 extensionem
1898 2497 1925 2529 e
1954 2482 2115 2541 quibus
2146 2487 2301 2528 temen

390 2560 692 2608 consistimus.

897 2632 919 2659 Ο

445 2704 498 2760 2)
530 2700 572 2748 Ι.
604 2716 644 2747 e.
677 2699 728 2747 Si
745 2700 868 2746 nulls
885 2696 1136 2745 substantie
1153 2696 1243 2744 nisi
1256 2696 1453 2745 existens
1472 2708 1571 2741 esse
1585 2693 1729 2754 possit
1745 2730 1759 2752 ‚
1794 2698 2041 2741 nontamen
2056 2688 2300 2739 existentia

384 2789 440 2819 ex
485 2774 582 2832 eJus
629 2769 822 2817 essentia
872 2773 1111 2827 sequatur,
1159 2781 1259 2813 cnm
1291 2766 1475 2813 seorsim
1510 2764 1787 2825 coneipitur,
1838 2762 2038 2823 seqnitur
2072 2778 2173 2809 eam
2206 2776 2299 2807 non

379 2856 477 2891 esse
507 2841 674 2900 aliquid
705 2855 786 2900 per
815 2854 888 2897 se,
919 2838 995 2886 sed
1026 2837 1194 2897 aliquid
1230 2838 1280 2897 (i.
1311 2854 1352 2884 e.
1384 2837 1673 2895 attributum)
1705 2834 2055 2894 alinscujusdam
2084 2849 2185 2881 esse
2221 2832 2293 2879 ‹le-

382 2913 486 2959 bere
517 2912 548 2959 i.
580 2928 619 2959 e.
651 2910 769 2958 entis
801 2910 924 2957 unici
959 2910 1029 2957 vel
1064 2909 1276 2956 universi.
1340 2908 1427 2955 Vel
1456 2909 1592 2957 etiam
1625 2908 1724 2956 ita:
1758 2908 1905 2955 omnis
1939 2906 2199 2955 substantia
2228 2914 2299 2953 est

384 2982 603 3039 existens,
635 2994 719 3027 nee
747 2980 986 3029 existentis
1012 2980 1149 3028 ullius
1180 2978 1459 3027 substantiae
1480 2977 1531 3026 in
1558 2994 1607 3026 se
1634 2985 1875 3039 conceptae
1898 2992 1952 3025 ex
1984 2979 2085 3037 ejus
2100 2977 2295 3025 enuntia
