2432 3554
1259 176 1378 235 238

366 336 517 383 omnia
546 342 651 383 sunt
681 336 772 383 Dei
800 337 1034 384 attributa.
1082 336 1133 383 Si
1160 338 1421 393 seeundum,
1451 336 1590 383 etiarn
1621 336 1870 385 necessario
1900 334 2006 383 talis
2035 341 2120 391 est,
2151 334 2243 391 qnia

364 410 464 468 (per
495 405 612 452 VIm
644 407 839 466 axioma)
869 423 917 454 se
948 408 1047 469 ipss
1078 407 1374 454 determinare
1404 422 1496 453 non
1527 406 1692 467 potuit.

1266 626 1373 682 1v.
1955 668 1981 697 ,

439 782 532 839 Ad
570 784 909 839 substantiae
948 786 1240 841 essentiam
1279 784 1573 841 existentia
1609 788 1809 840 natura
1831 774 2116 855 tantopere
2134 800 2237 854 per-

372 863 545 928 tinet,
604 869 668 919 ut
722 864 1059 936 impossibile
1116 866 1187 921 sit
1243 865 1303 921 in
1356 864 1644 921 intellectu
1703 864 1920 919 infinito
1969 863 2140 919 ideam
2173 880 2244 917 es-

374 943 583 999 sentiae
620 942 857 1014 alicujus
896 945 1236 1002 substantiae
1273 962 1506 1017 ponere,
1544 962 1685 1017 quae
1713 962 1822 1000 non
1853 943 2074 999 realiter
2093 943 2244 997 inna-

379 1030 506 1079 ture
542 1024 760 1080 existat.

430 1223 558 1271 Dea.
591 1224 711 1271 Vera
740 1224 867 1273 ideae
898 1226 1064 1287 objecti
1096 1228 1318 1284 essentia,
1350 1228 1518 1287 aliquid
1551 1227 1732 1275 realiter
1766 1228 1824 1275 ab
1853 1242 1905 1275 ea
1935 1227 2035 1275 idea
2051 1226 2250 1273 diversum

370 1299 465 1352 est,
517 1299 564 1340 et
610 1295 682 1341 vel
731 1295 913 1343 realiter
942 1296 1136 1345 existens
1168 1301 1268 1358 (per
1297 1299 1426 1345 111m
1455 1298 1651 1357 axioma)
1684 1298 1754 1345 vel
1785 1299 1836 1345 in
1865 1298 1955 1345 alia
1991 1313 2040 1345 re
2069 1310 2246 1357 eompre-

370 1366 557 1413 hensnm
602 1374 672 1415 est
712 1383 827 1427 quae
870 1368 1051 1417 realiter
1094 1370 1274 1429 existit,
1323 1376 1370 1416 et
1411 1386 1438 1417 a
1469 1384 1557 1428 qua
1587 1384 1682 1415 non
1716 1369 1897 1417 realiter
1929 1368 2005 1416 sed
2039 1368 2251 1416 nodantur

370 1441 547 1483 tantum
580 1438 900 1499 distinguitur3
932 1440 1086 1499 quales
1119 1447 1226 1489 sunt
1257 1442 1406 1487 omnia
1437 1440 1560 1488 entia
1591 1439 1689 1487 sive
1719 1456 1792 1487 res
1823 1455 1934 1500 quas
1966 1440 2160 1487 videmus
2187 1453 2252 1485 aa·

368 1510 445 1553 tea
491 1523 583 1555 non
614 1509 664 1555 in
694 1510 980 1569 extensione,
1023 1526 1105 1558 nec
1135 1512 1185 1558 in
1215 1514 1313 1571 ejus
1342 1518 1470 1559 motn
1499 1517 1546 1558 et
1575 1512 1728 1570 quiete
1755 1514 2072 1572 comprehensa
2105 1510 2249 1562 fui-ao,

371 1583 421 1623 et
452 1578 629 1638 quando
659 1580 861 1628 existunt
891 1597 983 1629 non
1019 1582 1201 1631 realiter
1232 1583 1310 1630 sed
1341 1581 1576 1629 modsliter
1607 1588 1782 1629 tantum
1815 1582 1872 1629 ab
1903 1582 2160 1630 extensione
2181 1578 2251 1627 ‹lis-

378 1648 544 1709 tingui.
608 1650 976 1699 contradictioni
1022 1668 1128 1700 vero
1160 1668 1209 1699 se
1240 1654 1462 1714 implieet,
1513 1668 1592 1700 ens
1625 1652 1920 1700 substantiale
1949 1653 2034 1701 tali
2063 1651 2188 1699 motio
2215 1650 2254 1695 in

374 1718 465 1766 alia
512 1736 560 1767 re
606 1723 971 1784 eomprehensnm
1002 1740 1122 1783 esse,
1169 1726 1336 1788 qnippe
1365 1724 1484 1784 quod
1514 1724 1571 1771 ab
1607 1740 1660 1771 ea
1691 1739 1784 1772 non
1817 1724 2000 1771 realiter
2030 1724 2248 1784 distingue·

375 1797 525 1849 retur,
557 1799 715 1841 eontra
747 1810 876 1856 prop.
908 1795 961 1854 Ι,
992 1811 1075 1843 nee
1108 1811 1287 1857 quoque
1318 1795 1534 1857 producta
1567 1811 1665 1843 esse
1696 1803 1850 1857 posset
1879 1813 1908 1842 a
1925 1795 2126 1856 subjecto
2155 1791 2254 1855 qued

370 1877 470 1910 eam
516 1865 875 1927 comprehendit,
922 1873 1081 1914 eontra
1126 1883 1257 1929 prop.
1289 1867 1370 1925 11,
1418 1882 1502 1914 nee
1547 1865 1737 1926 denique
1783 1872 1946 1914 natura
1977 1882 2058 1913 sua
2095 1864 2250 1912 infinit:

375 1940 424 1981 et
455 1934 505 1980 in
552 1950 715 1995 genere
747 1951 828 1983 sno
859 1952 1027 1984 summe
1056 1938 1256 1998 perfecta
1283 1953 1380 1985 esse
1409 1943 1590 1999 posset,
1638 1943 1797 1985 eontra
1833 1951 1962 1998 prop.
1999 1936 2108 1994 III;
2153 1950 2255 1996 erqo,

370 2003 477 2064 quia
524 2007 721 2054 essentia
752 2010 851 2068 ejus
883 2009 933 2055 in
964 2009 1089 2058 nulls
1115 2009 1205 2057 alia
1232 2009 1616 2069 reeomprehensa
1647 2017 1740 2065 est,
1783 2023 1854 2055 nes
1884 2014 1954 2056 est
1983 2023 2064 2069 per
2099 2023 2146 2055 se
2171 2005 2253 2066 ipsa

374 2074 588 2125 existens.

1112 2519 1546 2560 cenomanum·

448 2657 665 2715 Natura
701 2677 797 2732 per
836 2678 893 2716 se
929 2663 1050 2733 ipsa
1086 2667 1142 2717 et
1181 2679 1278 2734 per
1314 2662 1522 2717 nullam
1557 2661 1725 2717 aliam
1763 2679 1878 2716 rem
1900 2663 2251 2734 cognoscitur.

378 2737 622 2795 Infinitis
673 2745 893 2796 constat
936 2740 1224 2798 attributis
1240 2785 1255 2805 ,
1313 2760 1540 2814 quorum
1614 2742 2038 2814 unumquodque
2092 2743 2252 2814 ipsum

378 2816 654 2874 infinitum
706 2824 765 2875 et
798 2820 859 2875 in
898 2837 1097 2892 genere
1140 2838 1240 2876 suo
1275 2825 1576 2894 perfeetum
1613 2826 1699 2877 est
1715 2859 1732 2885 ‚
1786 2821 1856 2876 ad
1891 2822 2054 2893 eujus
2091 2839 2252 2877 essen·

380 2896 515 2952 tiam
567 2899 867 2954 existentia
921 2901 1161 2970 pertinet
1178 2943 1193 2964 ‚
1255 2901 1336 2958 ite
1382 2907 1446 2958 ut
1485 2907 1642 2958 extra
1677 2900 1832 2957 illam
1889 2901 2042 2958 nulla
2082 2901 2152 2957 sit
2183 2917 2252 2954 es·

380 2975 559 3030 sentia
614 2977 730 3032 sive
786 2995 935 3042 esse,
992 2978 1197 3050 illaque
1245 2986 1498 3038 accurate
1535 2982 1828 3039 conveniat
1861 2999 1984 3040 cum
2026 2981 2245 3038 essentia

391 3053 563 3110 solius
598 3057 822 3127 augusti
862 3061 920 3112 et
956 3057 1232 3114 benedieti
1266 3061 1390 3117 Dei.
