2432 3554
959 253 1423 296 PRAEFATIO.
2064 251 2144 294 111

337 444 516 520 Quod
556 445 628 504 ad
670 446 908 506 alterum
950 446 1010 505 in
1039 448 1443 526 Supplemento
1470 450 1639 507 hocce
1666 449 1937 525 Spinozae
1968 467 2138 525 opus-

245 537 485 607 culum,
545 538 932 596 Tractatulum
975 538 1046 596 de
1087 538 1273 608 Iride,
1332 538 1559 608 attinet,
1608 538 1959 596 mirabuntur
1999 525 2155 594 forte'
2190 543 2196 547 '

244 625 512 684 lectores.
536 625 746 687 librum
787 627 856 685 de
887 647 997 704 quo
1025 635 1341 704 postremus
1371 647 1603 704 operum
1633 626 1814 684 editor
1847 625 2141 683 affirmavit

247 709 543 772 auctorem
585 735 718 774 eum
759 734 902 784 „sex
941 717 1228 774 mensibus
1270 722 1395 774 ante
1438 715 1652 772 obitum
1694 715 1752 772 in
1779 715 1969 790 ignem
2010 734 2141 772 con-

243 805 491 881 jecisse'’
534 806 652 876 hic,
696 807 1078 866 salamandrae
1120 807 1319 874 instar,
1364 803 1633 862 intactum
1675 824 1705 860 e
1745 803 1982 860 flammis
2010 822 2141 878 pro-

251 893 484 965 cedere3
529 895 970 955 animadvertant
999 902 1219 964 autem,
1263 893 1462 964 velim,
1494 893 1935 951 combustionem
1962 892 2139 962 illam,

252 983 330 1041 de
387 1003 503 1060 qua
558 984 725 1042 hodie
773 984 966 1042 nullus
1008 984 1263 1042 dubitare
1304 983 1524 1040 videtur
1546 1027 1561 1052 ,
1624 983 1779 1059 ipsos
1819 981 2141 1059 philosophi

249 1072 495 1142 amicOS,
540 1075 842 1149 posthuma.
883 1075 1003 1149 ejus
1045 1093 1214 1151 opera
1256 1071 1516 1141 edente5‚
1568 1071 1747 1129 multo
1789 1071 2142 1130 incertiorem

248 1161 542 1220 hahuisse.
601 1162 954 1238 Scripserunt
995 1162 1174 1220 enim:
1220 1161 1587 1232 „tractatulus
1630 1161 1700 1218 de
1740 1161 1926 1229 Iride,
1972 1177 2141 1236 quem

249 1254 390 1308 ante
418 1249 638 1327 aliquot
664 1269 839 1308 annos
857 1295 872 1320 ,
917 1256 980 1308 ut
1008 1249 1344 1327 quibusdam
1374 1255 1570 1306 notum
1589 1296 1603 1319 ‚
1648 1249 1993 1324 composuit,
2033 1249 2144 1304 nisi

249 1359 380 1396 eum
418 1340 536 1413 iqui
577 1340 904 1410 tradiderit,
967 1345 1030 1396 ut
1070 1337 1361 1415 probabile
1403 1344 1519 1406 est,
1576 1340 1777 1395 alicubi
1816 1337 2143 1396 delitescit.'’

253 1427 435 1502 Quod
475 1447 604 1486 vero
645 1427 757 1505 ipsi
797 1427 1144 1509 probabilius
1188 1434 1407 1486 tantum
1448 1427 1723 1497 habuere,
1766 1427 1837 1484 ab
1878 1427 2005 1484 aliis
2040 1445 2141 1484 au-

251 1522 374 1574 tem
401 1550 484 1564 --
511 1518 595 1576 uti
639 1517 838 1574 Colero
883 1517 1300 1594 Kortholtoque
1336 1550 1411 1561 —-
1441 1523 1709 1593 tanquam
1734 1533 1823 1573 res
1855 1515 1985 1572 facti
2011 1533 2143 1592 pro-

251 1605 507 1684 positum
555 1606 690 1676 fuit,
748 1606 935 1664 locum
978 1627 1090 1664 non
1131 1605 1391 1664 habuisse
1432 1609 1613 1681 patet,
1670 1604 2142 1680 tractatulumque

253 1700 484 1754 econtra
512 1695 719 1752 alicubi
748 1695 1058 1754 delituisse.
1102 1696 1224 1752 Nec
1244 1714 1373 1752 vero
1396 1693 1690 1752 ineditum.
1734 1693 1969 1751 Decimo
1993 1692 2142 1750 enim

253 1804 406 1843 anno
445 1804 516 1843 ex
559 1805 672 1862 quo
714 1785 914 1843 ultima
955 1785 1171 1843 obierat
1211 1790 1403 1843 auctor
1432 1784 1575 1853 fata,
1624 1784 2141 1859 flagae-Comitum

253 1874 412 1949 apud
436 1874 572 1932 Lev.
605 1894 710 1933 van
738 1874 906 1948 Dijck
933 1873 1052 1933 sine
1081 1872 1309 1931 nomine
1338 1873 1579 1931 auctoris
1606 1873 1836 1949 Belgice
1865 1874 1924 1930 in
1952 1873 2137 1931 lucem

253 1962 502 2040 prodiit,
545 1962 702 2021 illius
735 1962 968 2021 fortasse
998 1982 1130 2021 cura
1157 1960 1249 2020 cui
1278 1962 1518 2039 Spinoza
1547 1968 1709 2021 antea
1735 1963 2144 2040 perlegendum

253 2052 519 2121 dederat,
587 2053 802 2129 quique
855 2057 1078 2111 mortuo
1145 2051 1485 2130 philosopho
1541 2052 1846 2110 retinuerat
1902 2071 2142 2129 opuscu-

253 2141 380 2199 lum
401 2138 444 2199 l.
485 2142 732 2199 Unicum
767 2142 1057 2219 hucusque
1099 2140 1385 2217 cognitum
1414 2141 1698 2217 exemplar
1729 2136 1911 2199 Fredi.
1942 2141 2145 2198 iterum

255 2228 494 2289 Muneri
533 2228 862 2305 diligentiae
904 2229 1202 2299 debemuS,
1256 2231 1346 2288 cui
1388 2232 1605 2308 aliquot
1638 2233 1756 2307 jam
1794 2238 1925 2291 ante
1967 2249 2144 2289 annos

257 2318 602 2395 acquisitum
654 2318 780 2377 fuit.
864 2317 1034 2395 Quod
1077 2318 1181 2375 etsi
1222 2319 1450 2394 Belgice
1491 2320 1687 2396 procul
1729 2320 1902 2378 dubio
1944 2340 1977 2377 a
2015 2317 2144 2395 phi-

257 2407 500 2483 losopho
540 2407 916 2484 conscriptum
935 2450 951 2477 ,
1019 2412 1337 2465 exterorum
1377 2408 1703 2485 praesertim
1746 2428 1943 2479 causa,
2015 2428 2143 2467 cum

259 2495 514 2555 versione
554 2496 756 2553 Latina
796 2494 886 2553 hic
929 2494 1210 2553 edendum
1251 2496 1462 2573 putavi.
1504 2498 1667 2573 Rogo
1696 2503 1883 2555 autem
1911 2497 2145 2555 lectores

261 2585 594 2655 benevolos,
639 2591 702 2643 ut
745 2604 918 2643 unum
955 2586 1307 2663 alterumque
1335 2586 1633 2663 perlecturi
1664 2586 1995 2664 opusculum
2024 2606 2147 2645 cor-

260 2675 496 2750 rigenda
523 2674 822 2750 inspiciant
849 2674 954 2732 sub
982 2675 1188 2733 calcem
1218 2694 1453 2733 annexa.
1500 2674 1672 2750 Quod
1702 2674 1773 2732 ad
1798 2674 2150 2733 Collectanea

262 2782 409 2841 quae
451 2768 788 2839 sequuntur,
850 2764 921 2821 ad
963 2763 1134 2821 vitam
1177 2769 1232 2821 et
1274 2764 1570 2841 epistolem,
1634 2763 1844 2832 sciant,
1905 2782 2144 2839 quaeso,

258 2852 454 2921 illam,
519 2851 589 2909 de
651 2871 774 2931 qua·
825 2855 849 2927 ξ
898 2856 927 2909 1
987 2852 1028 2910 l.
1083 2856 1114 2909 9
1173 2858 1229 2911 et-
1278 2873 1393 2931 seq.
1437 2854 1666 2928 legitur,
1725 2851 2148 2928 inscriptionem

314 3052 344 3097 1
412 3050 538 3097 Idem
585 3056 696 3111 puto
744 3050 820 3097 ille
861 3050 904 3097 Ι.
950 3066 994 3099 v.
1026 3050 1092 3098 M.
1133 3052 1206 3099 cui
1240 3051 1432 3113 Spinoza
1464 3051 1509 3098 in
1542 3051 1733 3111 epistola
1765 3066 1845 3099 sua
1876 3044 1967 3098 43⁸
2000 3046 2188 3109 quaem*

246 3121 422 3168 tionem
455 3118 592 3169 solvit
621 3119 964 3170 arithmeticam.
