2432 3554
1075 174 1191 230 ³11

1064 404 1091 475 ς
1127 405 1213 461 11.

250 553 631 624 Quamquam,
676 554 760 609 uti
799 553 1318 620 animadvertimus»,
1359 555 1418 610 in
1456 553 1687 626 epistola
1724 553 2081 626 praecedente

177 631 624 704 Oldenburgium
681 633 1013 706 Theologiae
1069 653 1198 690 suae
1256 635 1419 691 nimis
1473 635 1764 690 adhaerere
1800 633 2079 696 videmus,

179 731 360 786 eoque
389 714 568 768 minus
595 718 782 785 aptum
811 733 867 769 se
896 714 1149 786 praebere
1175 716 1245 770 ad
1272 714 1369 770 illa
1394 716 1657 788 capienda
1677 731 1814 785 quae
1850 713 2085 784 Spinoza

177 793 558 864 philosophice
593 799 955 861 tractaverat,
993 812 1118 849 eum
1155 801 1372 861 tamen,
1412 796 1533 868 ipso
1569 796 1627 849 in
1665 793 1898 866 epistola
1932 795 2085 848 ante-

175 872 322 926 riore
352 876 368 907 ¹
407 877 544 928 teste
563 914 577 936 ,
621 878 784 928 antea
821 875 1144 945 iniquiorem
1173 875 1354 930 adhuc
1380 876 1705 930 sententiam
1732 874 1799 926 de
1824 873 2085 928 Tractatu

173 951 511 1024 Theologico
547 953 785 1009 Politico
841 955 1041 1009 fovisse
1079 954 1314 1017 scimus,
1353 959 1632 1027 tamquam
1662 954 1871 1019 „nimis
1897 953 2084 1007 imma·

173 1033 396 1086 turam”
433 1033 502 1088 ab
529 1033 648 1104 ipso
675 1032 871 1087 deinde
897 1041 1223 1092 revocatam.
1260 1036 1469 1092 Mentis
1494 1035 1643 1089 illam
1665 1035 1724 1089 in
1750 1032 1945 1087 melius
1970 1050 2084 1086 mu-

173 1113 442 1168 tationem
471 1115 790 1185 praesertim
817 1113 1070 1170 debuisse
1096 1113 1317 1169 videtur
1342 1113 1533 1170 Nobili
1554 1112 1771 1168 cuidam
1789 1113 2079 1176 Germano,

173 1212 202 1245 e
230 1192 473 1247 Lusazia
499 1194 752 1255 oriundo,
782 1197 1000 1250 nomine
1020 1195 1144 1248 Von
1164 1193 1558 1257 Tschirnhaus,
1586 1193 1746 1267 cujus
1767 1193 1826 1247 in
1844 1191 2085 1247 editione

172 1271 532 1343 epistolarum
589 1273 806 1345 vulgari
858 1275 1063 1329 mentio
1113 1273 1335 1346 quidem
1371 1291 1482 1328 non
1519 1274 1665 1328 facta
1702 1276 1815 1336 est,
1872 1272 1940 1326 de
1978 1289 2085 1343 quo

168 1371 307 1408 vero
345 1355 644 1425 integriora
684 1359 872 1410 nostra
910 1357 1251 1427 autographa
1289 1353 1506 1424 saepius
1543 1352 1859 1424 loquuntur.
1930 1351 2086 1406 Idem

167 1435 261 1489 vir
317 1434 689 1490 nobilissimus
746 1435 1036 1500 „amicus”
1087 1439 1172 1490 est
1207 1434 1305 1490 ille
1342 1434 1399 1488 in
1438 1432 1604 1489 LXIa
1640 1433 1874 1503 epistola
1910 1431 2081 1502 (apud

165 1513 480 1568 Bruderum
519 1532 570 1585 p.
607 1516 739 1584 323)
779 1532 812 1568 a
849 1516 1086 1586 Spinoza
1122 1516 1361 1577 citatim,
1423 1512 1491 1568 ad
1530 1512 1689 1583 cujus
1721 1511 1990 1581 judicium
2024 1511 2085 1565 in

168 1593 378 1647 litteris
422 1593 878 1665 praecedentibus
916 1594 984 1647 de
1022 1593 1289 1664 Spinozae
1329 1597 1385 1648 et
1422 1593 1657 1648 Cartesii
1694 1592 1762 1645 de
1799 1591 1969 1646 libero
2000 1608 2085 1645 ar·

167 1673 314 1728 bitio
341 1672 632 1728 sententiis
655 1671 981 1744 respondet,
1024 1673 1294 1746 cujusque
1314 1673 1585 1745 judicium
1612 1671 1773 1731 illud,
1802 1688 1924 1726 cum
1945 1671 2085 1742 epis·

168 1753 289 1809 tola
325 1771 598 1826 anonyma
630 1753 913 1826 hucusque
957 1752 1271 1810 Medicinae
1298 1753 1537 1811 doctoris
1561 1751 2086 1808 Amstelodamensis

165 1836 236 1893 G.
296 1834 365 1891 H.
403 1833 649 1890 Schaller
701 1832 947 1905 (collegii
986 1834 1079 1889 isti
1117 1834 1415 1907 Spinozani
1453 1833 1617 1889 sociis
1642 1831 2084 1900 adnumerandi),

165 1915 241 1969 ad
281 1914 572 1986 Spinozam
611 1916 863 1986 pervenit
880 1917 940 1975 Ξ).
986 1915 1176 1969 Minus
1213 1914 1402 1985 itaque
1440 1916 1585 1968 reete
1610 1909 1843 1983 epistola
1868 1910 2082 1975 haecce,

165 1995 256 2050 uti
312 1999 368 2048 et
417 1994 764 2067 sequentium
821 1994 1154 2055 nonnullae,
1212 1993 1426 2063 Meyeri
1464 1992 1649 2047 haberi
1686 1990 1856 2053 solet;
1914 2008 2084 2063 aeque

164 2092 234 2131 ac
277 2074 536 2139 LXIIIa,
597 2072 890 2139 LXVIIa,
948 2072 1172 2138 LXIX,
1221 2072 1466 2138 mma,
1511 2070 1921 2128 Tschirnhausii
1964 2075 2078 2133 est,

165 2154 260 2211 cui
322 2152 710 2215 „nobilissimo
767 2158 933 2225 atque
992 2152 1313 2207 doctissimo
1366 2149 1521 2207 viro’'
1560 2150 1797 2222 Spinoza
1832 2148 2080 2221 epistolis

165 2234 284 2289 suis
323 2232 576 2296 LXIVa,
615 2231 939 2293 LXVII[a‚
982 2232 1173 2291 LXXa
1211 2237 1267 2287 et
1294 2231 1547 2289 LXXIla
1572 2231 1869 2303 respondit.
1922 2230 2082 2300 Epis·

167 2312 288 2367 tola
325 2317 507 2368 autem
549 2314 818 2384 Spinozae
857 2312 1115 2368 LXVIIa
1152 2314 1221 2367 ad
1262 2312 1634 2376 Schallerum,
1687 2311 1865 2367 virum
1909 2310 2081 2376 „doe-

164 2393 441 2447 tissimum
482 2390 957 2463 expertissimum”
997 2392 1128 2446 data
1154 2398 1259 2454 est,
1324 2394 1525 2464 quippe
1550 2390 2079 2464 quiTschirnhausii

169 2470 632 2535 „dubitationes”
690 2473 807 2527 suis
851 2473 1172 2528 inseruisset
1209 2470 1443 2529 litteris.
1502 2488 1638 2543 quas
1666 2470 1783 2541 jam
1820 2470 2079 2541 integrio-

166 2568 255 2606 res
311 2550 691 2606 exhibebimus
742 2569 904 2625 quam
945 2552 1003 2608 in
1042 2552 1277 2623 epistola
1312 2552 1502 2607 vaa
1539 2551 1693 2606 nobis
1730 2552 1890 2605 datae
1927 2554 2075 2605 sunt.

165 2632 258 2688 Ad
323 2632 553 2686 eundem
619 2630 963 2686 Schallerum
1029 2632 1241 2687 inedita
1294 2648 1509 2703 quoque
1576 2635 1757 2701 exstat
1812 2630 2078 2701 Spinozae

168 2711 354 2785 magni
394 2712 528 2766 satis
569 2710 829 2765 momenti
867 2711 1126 2781 epistola,
1171 2730 1201 2765 e
1229 2711 1576 2766 Bibliotheca
1600 2710 1933 2781 Voorstiana
1957 2727 2080 2781 pro-

167 2814 276 2913 —1)
311 2852 448 2913 Apud
481 2852 730 2899 Bruderum
766 2868 812 2913 p.
846 2852 953 2899 191.

225 2928 276 2984 2)
309 2922 474 2983 „Misit
527 2922 636 2969 mihi
683 2922 855 2969 amicus
896 2926 1053 2969 noster
1098 2922 1135 2970 J.
1183 2922 1480 2982 fflieuwens)
1527 2922 1709 2980 literas,
1757 2938 1867 2982 quaa
1914 2923 1970 2971 ad
2018 2937 2087 2969 me

160 3000 375 3060 dignatus
421 3012 470 3043 es
515 2996 731 3053 scribere,
779 3010 870 3042 una
916 3008 1017 3041 cum
1055 2993 1227 3055 iudicio
1258 2994 1328 3042 tui
1358 2995 1490 3041 anion·
1520 2994 1571 3055 (i.
1603 3011 1643 3043 ο.
1674 2994 1997 3054 Tschirnhaus)
2028 2993 2083 3040 de

161 3086 260 3117 mea
289 3073 336 3116 et
369 3066 565 3115 Cartesii
595 3066 650 3113 de
678 3066 822 3114 libero
851 3065 1043 3114 arbitrio
1073 3063 1325 3123 sententia,
1356 3066 1473 3113 etc.”
1504 3063 1537 3112 1.
1568 3080 1609 3113 c.
