2432 3554
1299 203 1412 260 192

402 380 674 429 amorem,
750 363 968 427 odium,
1041 366 1099 417 et
1153 361 1439 418 tristitiam
1495 382 1563 419 ex
1619 380 1798 418 rerum
1859 363 2262 431 incorporearum

401 443 865 514 contemplatione
900 442 1258 514 procedentes
1296 443 1513 497 eosdem
1546 444 1771 498 effectus
1797 440 1993 495 habere
2017 444 2168 509 atque
2187 452 2264 490 eac

403 542 542 596 qnae
596 542 662 579 ex
719 541 1096 595 corporearum
1159 541 1338 578 rerum
1395 520 1855 594 contemplatione
1912 519 2260 591 procederent:

404 605 507 658 hae
564 604 708 659 enim
746 604 857 673 (uti
894 609 1086 675 postea
1122 603 1304 660 adhuc
1341 603 1611 672 dicemus)
1648 602 1786 657 alios
1820 616 2042 673 quoque
2076 597 2266 652 effectus

407 684 715 748 habebunt,
756 690 987 739 naturae
1026 684 1104 738 rei
1145 683 1380 745 similes„
1427 702 1494 739 ex
1531 683 1690 753 cujus
1728 682 2073 753 perceptione
2109 692 2262 737 amor,

402 763 627 829 odium,
665 763 1001 835 tristitiaque
1039 767 1143 821 etc.
1181 763 1240 819 in
1279 767 1492 828 mente,
1531 764 1850 833 incorporea
1889 758 2266 819 considerante,

401 850 725 900 nascuntur.
803 844 893 901 Ita
942 846 1035 915 (ut
1070 844 1137 899 ad
1177 846 1359 916 priora
1395 844 1706 913 redeamus)
1745 847 1839 906 ut,
1896 839 2113 913 quando
2144 834 2265 892 aliud

402 924 572 996 quid,
649 943 873 998 corpore
940 928 1414 999 magnificentius,
1474 926 1643 980 menti
1699 942 1758 981 se
1813 922 2128 986 exhiberet,
2175 934 2269 973 cer·

413 1009 531 1059 tum
589 1006 693 1067 sit,
751 1024 951 1078 corpus
996 1012 1114 1061 tum
1152 1006 1456 1077 potentiam
1497 1022 1606 1059 non
1643 1002 1990 1066 habiturum,
2051 1000 2176 1057 tales
2207 998 2266 1051 ef·

406 1083 585 1138 fectus
640 1094 803 1156 quam
840 1084 1134 1140 actualiter
1163 1084 1398 1159 *habeam
1457 1084 1740 1139 causandi.
1819 1082 1984 1137 Unde
2021 1079 2262 1151 sequitu-r,

402 1180 515 1218 non
554 1162 731 1218 solum
768 1164 913 1236 quod
951 1182 1148 1235 corpus
1186 1164 1479 1235 praecipua
1517 1163 1590 1219 sit
1627 1164 1942 1235 passionum
1971 1175 2158 1221 causa,
2191 1155 2266 1213 sod

406 1242 606 1306 etiam,
658 1242 764 1297 etsi
810 1242 963 1298 alind
1002 1242 1169 1315 quid,
1221 1260 1384 1314 quam
1423 1242 1564 1298 illud
1601 1244 1748 1315 quod
1780 1241 1896 1312 jam
1933 1237 2264 1297 consideravi-

404 1338 557 1384 mus,
617 1322 675 1377 in
726 1321 883 1377 nobis
920 1326 1097 1384 esset,
1156 1323 1545 1395 passionesque
1583 1324 1691 1393 (uti
1729 1325 2043 1391 censemus)
2079 1332 2268 1376 causare

406 1404 617 1473 posset,
674 1400 812 1457 illud
851 1408 1034 1458 tamen
1074 1402 1268 1473 (etiam
1309 1404 1354 1457 si
1392 1404 1472 1459 ita
1508 1407 1680 1473 esset)
1717 1420 1818 1458 nec
1855 1402 2017 1472 plura
2053 1417 2146 1455 nec
2179 1397 2266 1451 alin

404 1484 462 1537 in
504 1486 683 1537 mente
719 1499 880 1553 agere
916 1486 1129 1553 posset.
1172 1498 1336 1553 quam
1373 1500 1572 1555 corpus
1604 1484 1717 1554 jam
1759 1484 1894 1553 agit.
1953 1480 2108 1537 Nihil
2143 1474 2264 1533 aliud

370 1562 373 1567 ’
403 1562 549 1615 enim
589 1560 696 1615 nisi
734 1560 845 1616 tale
884 1580 1001 1616 esse
1040 1566 1224 1632 posset
1260 1560 1569 1639 objectum,
1609 1563 1754 1635 quod
1793 1562 2018 1617 omnino
2054 1580 2084 1614 a
2121 1560 2266 1613 mente

411 1639 683 1702 differret,
742 1640 973 1712 ideoque
1031 1644 1087 1695 et
1142 1640 1253 1695 tale
1308 1660 1484 1714 neque
1539 1643 1702 1697 aliter
1750 1660 1808 1695 se
1846 1640 2148 1701 exhi-berem
2201 1633 2263 1687 uti

404 1721 595 1777 eadem
640 1722 850 1777 ratione
886 1724 1054 1777 etiam
1091 1722 1159 1776 de
1196 1739 1420 1794 corpore
1459 1721 1630 1777 locuti
1669 1738 1877 1777 sumus.

486 1803 578 1858 Ita
616 1808 679 1857 ut
718 1819 845 1857 vere
883 1802 1209 1858 concludere
1249 1805 1520 1874 possimus
1557 1819 1792 1858 amorem
1814 1841 1834 1868 ‚
1871 1801 2092 1865 odium,
2125 1795 2264 1853 tristi-

411 1883 545 1936 tiam
600 1882 844 1954 aliasque
895 1883 1175 1953 passiones
1211 1883 1270 1937 in
1311 1887 1490 1937 mente
1527 1882 1742 1938 causari
1780 1883 2078 1936 seeundum
2113 1875 2262 1948 cogni·

415 1963 585 2017 tionis
634 1963 860 2017 formam
907 1981 1069 2034 quam
1122 1963 1200 2019 rei
1239 1961 1473 2034 alicujus
1513 1963 1702 2026 habet;
1763 1980 1920 2034 ergo,
1977 1962 2022 2016 si
2062 1956 2263 2028 magnifi-

420 2043 793 2110 centissimum
888 2044 1185 2116 aliquando
1259 2046 1645 2114 cognosceret,
1719 2041 2054 2114 impossibile
2125 2042 2262 2099 esset,

416 2141 711 2194 quamnam
749 2123 937 2178 harum
978 2124 1293 2195 passionum
1333 2123 1420 2178 vel
1460 2123 1735 2178 minimam
1775 2125 1832 2179 in
1858 2121 1957 2178 illa
1981 2121 2265 2177 emotionem

413 2203 713 2276 producere
740 2219 916 2274 posse.
