2432 3554
1275 143 1396 203 242

391 312 527 373 tias;
569 314 653 363 est
679 326 897 365 necesse
922 309 1041 379 ejus
1067 308 1126 364 in
1150 309 1488 381 cogitatione
1513 308 1744 381 produci
1771 310 2038 366 infinitam
2060 309 2214 363 ideam
2231 350 2243 369 ,

388 408 527 462 quae
579 388 849 459 objective
887 389 947 444 in
984 406 1041 444 se
1080 388 1280 444 habeat
1316 393 1490 445 totam
1529 396 1784 447 naturam
1804 386 1831 455 ,'
1859 390 2036 463 qualis
2058 388 2248 446 realiter

390 470 449 525 in
487 487 543 523 se
579 476 679 525 est.

458 630 506 685 2.
578 626 849 689 N'otetur,
891 642 1079 679 omnes
1116 624 1354 699 reliquas
1393 628 1859 694 modificatione-e,
1899 629 1984 685 uti
2017 644 2244 686 amorem,

390 707 750 779 cupiditatem
772 748 787 770 ,
840 705 1149 771 laetitiam,
1192 713 1302 761 etc.
1353 708 1622 780 originem
1659 709 1860 765 ducere
1898 727 1931 764 a
1969 709 2130 781 prima
2159 709 2249 764 ista

390 788 705 844 immediata
726 785 1156 847 modificatione,
1199 785 1282 841 ita
1303 791 1394 852 ut,
1429 788 1538 845 nisi
1559 789 1668 844 ista
1687 789 2059 861 praecederet,
2089 805 2246 847 amor,

388 868 693 939 cupiditas,
754 864 1001 930 laetitia,
1058 870 1167 921 etc.
1229 883 1349 921 esse
1385 884 1497 923 non
1532 874 1735 940 posset.
1801 868 1966 924 Unde
2003 868 2248 924 evidenter

389 947 770 1010 concluditur,
826 962 1063 1000 amorem
1115 945 1456 1012 naturalem,
1513 948 1609 1019 qui
1661 948 1718 1002 in
1773 965 1988 1020 quaque
2042 966 2096 1003 re
2143 946 2242 1007 est,

391 1047 550 1085 suum
606 1044 804 1099 corpus
859 1026 1222 1085 conservandi
1287 1026 1494 1082 nullam
1552 1027 1719 1083 aliam
1773 1028 2040 1099 originem
2086 1026 2250 1082 habere

390 1126 580 1180 posse,
637 1107 744 1163 nisi
796 1106 974 1161 ideam
1024 1107 1143 1162 sive
1194 1107 1488 1161 essentiam
1543 1106 1872 1176 objectivam
1889 1147 1908 1173 ‚
1969 1124 2103 1179 quac
2145 1107 2250 1160 talis

392 1188 633 1260 corporis
687 1188 746 1242 in
802 1186 1071 1241 attributo
1115 1187 1399 1258 cogitante
1437 1190 1539 1239 est.
1620 1185 1823 1250 Porro,
1865 1187 1997 1258 quia
2032 1187 2098 1242 ad
2129 1186 2246 1241 exis-

397 1269 629 1325 tentiam
688 1267 844 1321 ideae
900 1268 1015 1323 sive
1071 1267 1345 1322 essentiae
1382 1264 1691 1334 objectivae
1736 1265 1880 1321 nihil
1917 1266 2067 1322 aliud
2101 1270 2256 1337 postu·

402 1348 552 1403 latur
610 1346 718 1401 nisi
773 1346 1101 1402 attributum
1160 1348 1413 1419 cogitans
1465 1349 1527 1400 et
1580 1344 1858 1416 objectum
1895 1346 2014 1401 aive
2049 1346 2255 1402 essentia

395 1426 673 1490 formalia,
732 1432 939 1483 certum
998 1433 1083 1481 cst
1137 1426 1285 1498 quod
1322 1424 1668 1489 dicebamuS,
1733 1425 1913 1480 ideam
1951 1426 2066 1481 sive
2099 1442 2254 1481 essen·

393 1508 528 1563 tiam
565 1506 892 1577 objectivam
929 1506 1183 1561 attributi
1224 1506 1522 1577 cogitantis
1544 1504 2070 1561 immediatissimam
2091 1508 2134 1575 ι)
2157 1520 2258 1558 esec

395 1585 868 1642 modificationem.
904 1586 1091 1645 Quare
1130 1585 1188 1639 in
1227 1585 1498 1641 attributo
1535 1585 1816 1657 cogitante
1853 1584 2007 1641 nulla
2041 1584 2260 1639 aliadari

394 1672 577 1739 potest
612 1663 945 1721 modificatio
962 1706 976 1727 ‚
1019 1682 1157 1737 quae
1196 1666 1494 1736 pertineret
1529 1665 1600 1719 ad
1637 1664 1932 1721 essentiam
1970 1664 2158 1721 mentis
2178 1680 2258 1719 cu·

397 1747 704 1819 juscunque
751 1744 861 1810 rei,
928 1744 1034 1800 nisi
1092 1743 1208 1800 sola
1264 1743 1363 1800 illa
1399 1746 1552 1810 idea,
1617 1763 1758 1818 quae
1811 1744 2118 1802 necessario
2153 1742 2260 1799 talis

393 1843 581 1881 revera
626 1825 914 1882 existentis
950 1824 1029 1880 rei
1066 1825 1124 1880 in
1161 1823 1434 1880 attributo
1471 1826 1753 1896 cogitante
1790 1843 1910 1880 esse
1946 1823 2136 1888 debet:
2193 1829 2260 1878 ta·

397 1906 469 1961 lis
523 1905 668 1961 enim
719 1906 841 1960 idea
878 1909 1087 1960 ceteras
1124 1905 1584 1970 modificationes,
1643 1905 1872 1970 amoris,
1929 1903 2258 1977 cupiditatis,

397 1984 640 2040 laetitiae
699 1988 801 2041 etc.
858 2001 1038 2040 secum
1094 1983 1282 2041 trahit.
1355 1985 1506 2044 Quia
1560 1984 1734 2056 igitur
1781 1984 1905 2040 idea
1940 1983 2178 2056 procedit
2207 1981 2262 2037 ab

399 2064 607 2134 objecti
655 2065 979 2128 existentia,
1050 2063 1268 2134 objecto
1324 2070 1536 2120 mutato
1591 2064 1678 2118 vel
1730 2064 2048 2129 destructo,
2101 2063 2264 2119 eadem

396 2145 719 2200 mutationis
772 2143 862 2198 vel
916 2145 1307 2200 destructionis
1362 2146 1573 2200 ratione
1611 2145 1731 2216 ipsa
1766 2161 1985 2216 quoque
2021 2144 2141 2200 idea
2173 2161 2268 2198 mu-

454 2975 503 3033 1)
574 2974 993 3026 Inmodiatiseimam
1039 2976 1250 3026 attributi
1297 2977 1672 3026 modificationem
1721 2978 1845 3028 illam
1891 2977 2022 3037 dico,
2081 2993 2192 3039 quac
2233 2983 2274 3026 ut

390 3044 575 3107 existat,
607 3047 732 3096 nulla
762 3049 854 3098 alia
883 3048 1213 3098 modificatione
1245 3049 1296 3100 in
1325 3051 1408 3099 illo
1439 3051 1662 3100 attributo
1692 3065 1808 3114 opus
1839 3051 1994 3101 habet.
