2432 3554
1288 177 1407 237 306

1286 425 1411 496 §9-

468 577 623 632 Inter
677 595 768 633 eos
824 579 917 650 qui
974 584 1102 651 post
1157 581 1451 654 Spinozam
1505 597 1629 636 cum
1687 597 1751 633 eo
1801 579 2099 650 comparari
2132 579 2257 651 eique

397 658 656 731 praeferri
710 659 822 713 fere
878 659 1056 715 solent
1112 662 1456 734 philosophi,
1520 661 1927 716 Hanoveranus
1983 658 2077 713 ille
2124 659 2257 714 Leib-

395 739 601 793 nitzius
656 740 972 810 praesertim
1030 741 1189 798 nobis
1236 743 1293 798 in
1332 739 1638 812 exemplum
1677 740 2035 810 proponitur;
2091 739 2257 810 quippe

394 820 489 890 qui
545 819 654 886 (uti
712 817 930 887 dicunt)
986 819 1145 875 fidem
1194 821 1602 882 Christianam,
1662 837 1694 872 a
1732 818 1971 889 Spinoza
2007 818 2157 874 nimis
2186 835 2257 872 ne·

392 899 659 970 glectam‚
699 915 824 953 cum
864 897 1208 972 philosophia
1246 900 1558 956 arctissimo
1597 899 1827 953 vinculo
1852 898 2185 968 conjunxerit
2206 899 2252 962 ¹)-

392 978 546 1035 Alibi
568 980 617 1047 ¹)
670 977 737 1031 de
793 995 922 1032 vera
975 977 1395 1035 Leibnitzianae
1451 980 1521 1034 ad
1580 979 1849 1050 Spinozae
1899 977 2254 1049 philosophiam

394 1060 606 1115 ratione
660 1056 911 1129 pluribus
957 1059 1074 1128 egi,
1138 1063 1387 1115 statuens
1410 1101 1423 1123 ,
1482 1075 1652 1130 quum
1690 1059 2066 1114 Cartesianam
2100 1058 2251 1129 Spino-

392 1157 458 1194 za
493 1137 890 1210 philosophiam
928 1155 961 1192 a
997 1139 1240 1194 tenebris
1278 1138 1681 1196 Ecclesiasticis
1708 1137 2088 1204 liberavisset,
2122 1137 2249 1194 Leib-

393 1219 623 1275 nitzium
661 1235 778 1272 eam
817 1217 874 1272 in
908 1217 1055 1289 ipsas
1080 1219 1206 1275 illas
1232 1219 1483 1274 tenebras
1508 1218 1708 1272 iterum
1734 1217 2091 1280 immersisse;
2126 1233 2245 1288 quam

391 1297 920 1370 argumentationem
979 1299 1067 1354 hic
1124 1303 1371 1370 repetere
1407 1296 1607 1352 inutile
1646 1296 1886 1360 ducenS,
1953 1297 2021 1351 de
2055 1297 2246 1352 virorum

387 1381 604 1434 tantum
625 1376 948 1431 commercio
966 1394 1124 1448 agam
1138 1417 1157 1444 ,
1181 1397 1250 1434 ex
1268 1376 1503 1448 epistola
1518 1375 1617 1432 illa
1638 1376 1799 1430 nobis
1822 1376 2057 1448 primum
2074 1376 2244 1447 cognito

389 1474 552 1530 quam
606 1455 673 1510 de
728 1454 942 1527 Opticis
990 1458 1339 1514 Leibnitzius
1390 1474 1535 1511 anno
1576 1455 1715 1514 1671
1756 1455 2025 1528 Spinozae
2062 1455 2239 1527 scripsit

388 1537 474 1594 De
529 1552 667 1607 qua,
733 1552 859 1590 cum
910 1537 1127 1609 integra
1181 1539 1296 1594 fere
1348 1537 1495 1593 inter
1549 1535 1811 1608 epistolas
1850 1537 2027 1592 editas
2063 1533 2238 1608 reperia-

387 1621 512 1678 tur,
573 1615 662 1670 hic
715 1619 932 1671 tantum
989 1618 1187 1672 addam
1242 1619 1362 1689 ejus
1416 1617 1935 1689 superscriptionem
1971 1633 2031 1672 se
2068 1617 2239 1672 habere:

385 1698 438 1752 A
492 1696 760 1752 Momem-
811 1695 1029 1766 Spinosa
1046 1739 1060 1760 ,
1125 1697 1363 1754 Medecin
1398 1701 1505 1752 tres
1539 1695 1736 1752 celebre
1772 1700 1825 1751 et
1854 1698 2146 1768 philosophe
2170 1700 2245 1749 tm

378 1777 632 1850 profond,
670 1773 707 1830 ἃ
740 1775 1095 1842 Amsterdam;
1123 1796 1231 1848 par
1256 1782 1481 1841 convert.
1542 1777 1801 1833 Ceterum
1820 1818 1835 1840 ‚
1878 1780 2025 1849 quod
2052 1780 2107 1833 in
2128 1775 2244 1831 editi-

384 1876 489 1914 one
537 1856 708 1929 (apud
757 1856 927 1914 Brud.
964 1876 1016 1929 p·
1059 1859 1188 1926 300)
1230 1860 1495 1915 reticetur
1533 1876 1731 1913 nomen
1770 1858 2119 1928 amplissimi,
2166 1872 2244 1909 non

383 1938 492 2008 (uti
531 1938 588 1991 in
626 1938 980 1993 annotatione
1018 1937 1247 2009 legitur)
1284 1937 1752 1993 Diemerbroeckii
1778 1942 1893 2001 est,
1938 1940 2032 1993 sed
2070 1935 2244 1993 Hudde·

384 2017 466 2073 nii
520 2017 881 2087 burgomestri
936 2016 1089 2072 illius
1145 2018 1683 2075 Amstelodamensis
1729 2017 2095 2073 mathematici
2128 2014 2246 2084 cujus

383 2102 442 2153 et
494 2097 553 2152 in
612 2097 946 2167 praefatione
1005 2101 1277 2153 tractatus
1329 2098 1398 2153 de
1446 2097 1597 2152 Iride
1650 2097 1858 2152 mentio
1894 2098 1978 2153 fit.
2051 2096 2247 2153 Additur

383 2179 607 2248 insuper
644 2175 703 2231 in
739 2176 878 2231 fine:
929 2177 994 2233 P.
1031 2177 1088 2233 S.
1126 2179 1178 2232 si
1211 2195 1317 2249 qua
1352 2195 1425 2232 me
1460 2179 1782 2247 responsione
1801 2179 2097 2248 diffudere,
2128 2191 2244 2230 eura·

383 2259 462 2313 bit
513 2274 622 2311 eam
674 2274 821 2326 spero
873 2274 970 2311 non
1015 2257 1278 2313 illibenter
1314 2257 1577 2312 Nobilmue
1610 2258 2079 2313 Diemerbroeckim
2106 2256 2243 2315 Jaa,

383 2339 522 2393 Puto
573 2337 735 2391 visam
787 2337 888 2391 tibi
921 2338 1221 2408 hypothesin
1257 2356 1413 2393 meam
1456 2337 1674 2407 fysicam
1712 2354 1890 2391 novam
1900 2365 1924 2411 ‚·
1976 2340 2056 2393 sin
2088 2338 2242 2397 nim,

382 2420 598 2473 mittam.
675 2417 803 2476 Quo
841 2423 898 2471 et
933 2417 991 2472 in
1029 2418 1383 2490 responsione
1421 2417 1691 2489 Spinozae
1729 2418 1879 2489 quod
1914 2416 2111 2489 legitur
2132 2416 2183 2471 P.
2204 2412 2246 2467 S.

380 2498 464 2567 (in
521 2495 607 2550 ed.
665 2495 839 2551 Brud.
899 2514 952 2567 p.
1012 2497 1144 2567 302)
1193 2498 1391 2552 melius
1426 2496 1792 2569 intelligetur.

450 2576 581 2633 Non
606 2575 701 2630 diu
728 2579 871 2647 post,
911 2578 1043 2631 anni
1064 2578 1345 2649 sequentis
1373 2595 1556 2632 mense
1581 2576 1882 2643 Januario,
1922 2574 2243 2637 LeibnitziuS,

376 2686 450 2699 —

438 2729 488 2785 1)
521 2726 597 2773 Sic
647 2724 770 2773 Galli
816 2726 1058 2787 imprimis,
1109 2726 1287 2775 Consin
1316 2732 1363 2775 et
1394 2732 1503 2787 (quo
1534 2742 1665 2775 nemo
1698 2728 1753 2775 de
1785 2728 1982 2790 Spinoaa
2011 2725 2247 2789 ignorantias
2352 2752 2354 2755 <

374 2800 553 2846 locutus
599 2800 689 2855 est)
735 2796 941 2844 Poucher
971 2797 1026 2843 de
1064 2797 1214 2845 Gai-eil
1228 2834 1242 2854 ‚
1286 2813 1525 2857 eorumque
1556 2814 1761 2859 premens
1793 2800 2007 2860 vestigia,
2038 2798 2141 2861 apud
2166 2810 2246 2842 nos·

373 2874 515 2916 trates
553 2866 819 2928 Opzoomer.
881 2868 1068 2915 Rectius
1114 2870 1303 2915 omnino
1338 2869 1601 2916 recentioris
1648 2869 1961 2931 philosophiae
1998 2869 2244 2927 historiogra-

373 2942 514 3000 phus,
549 2938 684 2983 Kuno
716 2937 925 2997 Fischer,
959 2953 1041 2985 nec
1070 2944 1221 2986 tamen
1254 2946 1299 2987 et
1331 2939 1408 2987 ille
1440 2940 1659 3000 Spinozae
1690 2942 1746 2988 ab
1783 2942 1911 2989 omni
1938 2946 2058 3005 parte
2086 2952 2236 2998 aequm·

437 3012 488 3068 2)
535 3010 594 3054 In
640 3008 942 3057 Miscellaneis
987 3010 1098 3058 meis
1152 3010 1365 3060 reeckouc
1412 3011 1683 3072 (Deventer,
1742 3014 1886 3073 1855)
1916 3030 1961 3076 p.
1990 3013 2077 3062 208
2104 3026 2185 3071 sqq-
2210 3016 2245 3055 εἰ

372 3079 625 3141 nuperrime
653 3078 702 3125 in
732 3078 849 3125 libro
879 3079 1018 3128 citato
1049 3082 1233 3129 Bar-aon
1260 3081 1549 3144 d'Espinoaea.

2350 3036 2352 3136 1

2348 3250 2350 3366 l
