2432 3554
1084 179 1200 237 331

193 335 399 391 tallicis
439 337 726 410 Friburgi,
769 339 896 410 quia
936 340 1118 395 sciunt
1154 357 1239 394 me
1276 338 1625 411 aliquatenus
1656 338 1713 393 in
1740 338 2086 410 metallurgia

191 421 490 470 versatum.
569 417 675 472 Sed
731 419 996 490 quidquid
1053 419 1347 484 offeratur,
1404 422 1587 474 certus
1644 419 1719 472 sis
1760 436 1841 472 me
1878 417 1933 472 id
1973 435 2081 471 nou

191 499 564 566 accepturum.
640 499 725 554 De
761 498 1004 570 reliquo,
1064 500 1194 571 quia
1232 497 1404 553 multa
1442 517 1507 552 ex
1544 497 1725 552 Gallia
1762 501 1817 551 et
1854 497 2083 553 Hollau-

112 643 116 647 .
190 575 285 630 dia
325 576 614 632 attuleram
647 595 744 648 pro
771 579 960 634 amieis
978 603 1008 643 ,’
1034 578 1237 650 ubique
1265 579 1399 633 satis
1426 582 1680 649 acceptus
1706 595 1869 632 eram.
1913 579 2083 648 Spon-

192 656 334 710 salia
390 659 571 710 autem
628 657 887 712 nolebant
945 664 1006 712 ut
1061 677 1124 712 ea
1173 658 1441 712 differrem
1500 658 1765 722 ulterius„
1842 656 2084 730 adeoque

189 735 376 790 adhuc
416 753 596 790 mense
633 738 790 793 finita
827 741 942 803 est,
983 756 1090 809 qua
1127 739 1184 792 in
1224 756 1279 791 re
1306 738 1439 808 ipsis
1468 738 1789 792 contrariari
1815 737 2083 800 nolebam,

192 833 304 887 quo
360 817 650 872 accedente
699 819 890 890 hyeme
947 817 1116 890 (quod
1154 819 1443 889 praecipue
1480 820 1694 888 tempus
1733 817 1930 872 studiis
1968 834 2085 886 per-

191 897 606 952 accommodum
644 902 900 968 expertus
939 899 1084 966 sum)
1121 898 1293 952 finitis
1329 896 1537 960 turbis,
1590 897 1789 951 studiis
1829 915 1909 950 me
1948 897 2089 950 serio

191 975 470 1048 applicare
509 995 736 1048 possem.
793 977 878 1032 Ex
910 977 1140 1048 quibua,
1182 976 1373 1037 eredo,
1414 977 1760 1048 perspicuum
1790 976 1922 1031 satis
1947 977 2083 1039 erit,

191 1059 432 1128 quantas
485 1049 832 1112 difficultates
871 1058 1134 1113 hactenus
1174 1057 1507 1128 superandas
1546 1055 1823 1110 habuerim
1862 1055 1931 1110 ob
1971 1074 2088 1110 mea

191 1135 416 1200 studia,
473 1153 665 1208 meque
721 1137 952 1192 necdum
1010 1137 1068 1192 in
1123 1141 1285 1206 portu
1342 1153 1489 1200 esse,
1551 1136 1643 1189 sed
1698 1139 1792 1189 tua
1829 1151 2089 1205 generosa

189 1215 388 1269 dextra
445 1215 547 1270 hoc
601 1217 816 1288 assequi
873 1233 984 1272 non
1039 1215 1283 1287 desper0.
1355 1215 1444 1271 Ad
1500 1215 1644 1288 quod
1702 1217 1765 1268 2θ
1821 1215 1938 1270 loco
1970 1214 2085 1284 jam

191 1296 473 1350 destinavi
513 1296 914 1366 explicandum.

261 1375 469 1430 Omnes
509 1375 754 1432 homines
791 1380 989 1431 natura
1025 1377 1093 1430 ad
1132 1375 1305 1430 otium
1344 1393 1376 1428 a
1415 1374 1597 1429 labore
1628 1373 1893 1446 proclives
1920 1378 2049 1428 sunt
2072 1393 2095 1442 ς,

189 1471 364 1526 quare
421 1473 619 1526 magna-
675 1456 966 1512 difficultas
1021 1455 1110 1510 hic
1165 1455 1305 1510 alios
1360 1454 1661 1524 adjuvandi
1700 1456 1901 1517 oritur,
1966 1454 2095 1526 quia
2184 1516 2190 1526 .

189 1538 484 1606 postquam
545 1534 852 1599 effecimus,
914 1540 976 1588 ut
1031 1534 1144 1589 illis
1203 1536 1337 1590 bene
1377 1533 1479 1598 sit,
1542 1552 1699 1606 saepe
1738 1534 1971 1598 accidit,
2032 1538 2093 1588 ut

185 1617 522 1670 frustremur
559 1631 687 1685 spe,
727 1631 887 1684 quam
929 1614 995 1667 de
1033 1613 1145 1670 illis
1183 1612 1493 1674 habuimus;
1534 1615 1629 1667 sed
1658 1615 1956 1668 notandum
1984 1631 2095 1667 ma-

187 1695 338 1748 xime
355 1733 370 1754 ,
413 1692 558 1763 quod
591 1693 774 1747 omnia
799 1692 1088 1763 praecipue
1115 1691 1387 1762 laboriosa
1412 1692 1569 1747 nobis
1594 1694 1885 1748 videantur
1902 1733 1917 1758 ‚
1958 1711 2096 1766 quae

189 1776 388 1829 contra
442 1776 685 1829 nostram
743 1772 1156 1829 inclinationem
1196 1773 1441 1843 cogimur
1478 1781 1723 1843 patrare;
1782 1792 1948 1846 quare
1986 1792 2096 1829 non

187 1853 590 1918 dubitandum,
635 1854 682 1909 si
719 1854 1037 1925 adjumento
1075 1853 1247 1909 simus
1283 1854 1407 1908 aliis
1445 1854 1502 1907 in
1534 1855 1603 1907 iis
1630 1854 1764 1924 ipsis
1787 1854 1951 1908 rebus
1975 1895 1988 1918 ,
2026 1854 2095 1907 ad

189 1950 331 2006 quas
369 1933 474 2003 ipsi
514 1934 787 1989 inclinant
815 1934 1055 2006 haecque
1080 1932 1371 1987 inclinatio
1398 1950 1505 1987 non
1532 1933 1604 1987 sit
1631 1932 1795 1996 levis,
1838 1928 1936 1987 sed
1958 1951 2095 2004 quae

189 2032 288 2087 per
327 2013 521 2084 longos
559 2030 730 2069 annos
769 2014 926 2085 quasi
966 2015 1024 2069 in
1050 2012 1295 2067 habitum
1322 2030 1613 2073 conversa,
1656 2012 1755 2067 hoc
1784 2012 2099 2067 nullatenus

189 2093 621 2163 exspectandum
679 2095 812 2148 fore.
889 2094 1053 2149 Unde
1107 2092 1381 2161 conjicere
1435 2094 1671 2164 poteria,
1738 2092 1783 2146 si
1842 2092 2095 2147 ultimum

189 2176 336 2238 hoc,
395 2175 540 2246 quod
597 2174 796 2230 studiis
841 2176 976 2228 meis
1013 2172 1403 2228 continuandis
1438 2173 1701 2227 inservire
1738 2178 1932 2243 queat,
1995 2190 2093 2243 pro

191 2276 281 2312 me
319 2258 612 2327 impetrare
650 2274 870 2327 posses..
910 2273 1033 2311 cum
1073 2257 1219 2310 certe
1256 2254 1534 2309 fortiorem
1562 2253 1972 2308 inclinationem
2001 2269 2097 2323 pro

191 2336 354 2392 nulla
410 2353 466 2390 re
510 2336 738 2391 habeam
777 2339 964 2407 (prout
1001 2336 1135 2391 satis
1173 2333 1543 2389 demonstravi
1582 2351 1675 2405 per
1711 2332 1935 2404 primam
1978 2350 2097 2403 par-

193 2422 341 2480 tem,
391 2432 515 2469 cum
555 2415 686 2471 haec
723 2414 894 2469 nullis
931 2412 1353 2473 difficultatibus
1391 2415 1631 2483 potuerit
1668 2412 1957 2483 supprimi)
1994 2411 2097 2465 tibi

195 2496 302 2549 hac
338 2494 396 2549 in
435 2512 492 2547 re
528 2494 832 2549 timendum
872 2496 1002 2549 fore.
1057 2493 1247 2549 Facile
1282 2498 1463 2549 autem
1502 2512 1568 2548 ex
1594 2493 1963 2565 superioribus
1988 2492 2099 2549 col-

193 2575 478 2646 ligendum
499 2616 512 2637 ,
555 2578 777 2629 unicum
813 2575 913 2629 hoc
937 2574 1118 2629 adhuc
1143 2592 1455 2645 superesse,
1499 2579 1561 2628 ut
1590 2574 1719 2629 mihi
1738 2616 1751 2636 ‚
1794 2574 1947 2627 velut
1973 2575 2097 2629 aliis

195 2655 372 2710 Acad.
413 2654 698 2716 membriS‚
751 2654 1061 2724 assignetur
1097 2654 1227 2709 talis
1264 2655 1479 2725 peusin,
1522 2672 1629 2725 qua
1665 2654 1977 2725 recipienda
2015 2672 2095 2707 se-

199 2750 368 2790 curus
424 2748 542 2786 esse
597 2732 832 2803 possim;
890 2750 990 2787 nec
1027 2738 1211 2788 tamen
1250 2738 1375 2804 plus
1414 2752 1651 2805 unquam
1691 2734 1937 2790 desidero
1975 2736 2101 2802 (nec

201 2816 545 2883 acceptarem
585 2810 714 2866 licet
752 2811 1036 2866 offerretur
1071 2810 1141 2865 ob
1179 2813 1383 2869 multas
1420 2815 1683 2884 rationes)
1721 2832 1879 2885 quam
1912 2814 2099 2885 singu-

205 2894 274 2947 lis
331 2891 491 2947 annis
536 2891 678 2947 1000
713 2890 1052 2961 imperiales,
1111 2894 1257 2962 quod
1295 2895 1511 2966 quidem
1551 2912 1660 2949 non
1694 2895 1833 2949 adeo
1870 2894 2101 2948 multum

201 2990 324 3027 esse
375 2970 680 3043 judicabit,
739 2973 830 3026 cui
885 2974 1258 3041 perspectum,
1314 2972 1461 3045 quod
1518 2974 1701 3029 studia
1757 2991 1867 3029 non
1912 2974 2103 3030 leviter

201 3053 668 3108 excoleremeum
705 3052 1044 3123 propositum
1079 3056 1180 3109 est.
