2432 3554
1214 158 1290 214 94

312 322 385 377 Et
422 319 565 392 quod
603 323 859 392 tanquam
900 320 1137 390 regulam
1179 322 1385 390 ponant
1421 317 1559 374 illud
1598 317 1666 372 ad
1694 316 1769 372 rei
1797 319 2052 375 naturam
2081 333 2200 386 pet-

312 401 518 463 tinere,
584 399 699 454 sine
755 417 860 470 quo
905 417 989 454 res
1028 417 1127 457 nec
1165 398 1399 456 existere
1437 416 1540 456 nec
1573 397 1786 468 concipi
1823 399 2034 468 potest,
2097 393 2202 454 hoc

312 495 606 550 negamus;
663 479 775 550 jam
826 479 967 540 enim
1008 477 1497 537 demonstravimus
1535 479 1651 534 sine
1685 479 1802 534 Deo
1840 475 2048 544 nuliam
2083 494 2204 542 ‚rem

309 575 413 612 nee
470 557 698 612 existere
754 575 853 614 nec
910 559 1121 630 concipi
1160 577 1314 630 posse
1354 559 1402 615 h.
1441 577 1484 616 e.
1521 558 1700 616 Deum
1737 575 1851 612 esse
1891 563 1944 611 et
1981 554 2202 626 concipi

307 639 540 704 debere,
598 642 886 710 antequam
944 656 1027 694 res
1082 638 1438 710 particulares
1495 657 1610 694 esse
1665 637 1752 692 vel
1807 637 2044 707 concipi,
2075 655 2202 708 pos-

308 718 444 773 sint.
521 717 874 772 Ostendimus
930 718 1093 773 etiam
1150 735 1260 774 non
1297 736 1494 790 genera
1531 718 1598 773 ad
1639 723 1887 775 naturam
1925 717 2198 777 definitio-

317 797 402 852 nis
459 798 763 868 pertinere,
824 797 917 851 sed
974 797 1108 854 talia
1156 815 1292 870 quae
1332 800 1448 854 sine
1487 797 1610 854 aliis
1649 798 1880 854 existere
1917 803 2202 872 nequeunt

317 893 416 932 nec
456 876 571 930 sine
606 874 719 932 illis
757 877 969 948 concipi
1008 882 1255 948 possunt.
1333 877 1491 938 Quae
1529 895 1652 935 cum
1690 879 1769 934 ita
1807 879 1948 940 sint,
2009 895 2200 948 quam·-

314 975 437 1014 nam
498 955 740 1027 regulam
788 973 1078 1026 ponemus,
1138 975 1244 1028 qua
1283 957 1516 1015 sciamus
1554 955 1686 1032 quid
1723 957 1790 1012 ad
1827 962 2082 1016 naturam
2119 955 2200 1012 rei

316 1037 551 1107 alicujus
591 1035 910 1107 pertineat?
982 1035 1142 1094 Hanc
1181 1037 1326 1094 scih:
1367 1035 1506 1092 illud
1546 1036 1613 1092 ad
1653 1037 1730 1092 rei
1766 1035 1998 1108 alicujus
2036 1040 2201 1106 natu-

315 1137 426 1174 ram
468 1119 731 1189 pertinet,
774 1117 890 1172 sine
928 1136 1035 1190 quo
1074 1135 1157 1177 res
1194 1117 1291 1175 illa
1330 1133 1429 1172 nec
1466 1133 1581 1172 esse
1615 1133 1714 1173 nec
1740 1117 1950 1186 concipi
1978 1119 2161 1186 potest
2182 1134 2201 1177 ;4

316 1216 415 1258 nec
471 1198 550 1252 sic
605 1201 851 1263 tantum,
908 1198 1001 1254 sed
1057 1198 1135 1254 ita
1178 1197 1342 1254 etiam
1381 1199 1443 1250 ut
1480 1196 1778 1268 propositio
1816 1213 2022 1266 semper
2059 1195 2200 1257 teci-

316 1295 477 1350 proca
532 1277 604 1332 sit
658 1277 693 1335 i.
750 1297 793 1332 e.
855 1281 916 1332 ut
953 1295 1127 1350 neque
1164 1277 1534 1349 praedicatum
1575 1275 1691 1332 sine
1730 1294 1785 1333 re
1823 1277 2055 1333 existere
2091 1293 2198 1333 nec

273 1363 277 1368 “
308 1357 529 1430 concipi
567 1357 752 1428 possit.

386 1675 507 1729 Jam
538 1674 707 1746 igitur
732 1673 799 1728 de
826 1673 997 1730 modis
1014 1716 1027 1739 ‚
1070 1693 1099 1728 e
1126 1673 1325 1746 quibus
1352 1673 1508 1729 homo
1535 1672 1828 1739 consistat,
1855 1675 2092 1729 tractare
2117 1675 2202 1728 in-

313 1753 612 1827 cipiemus,
653 1753 813 1813 initio
850 1755 1126 1827 sequentis
1163 1753 1359 1827 capitis
1396 1753 1566 1827 partis
1603 1751 1916 1826 posterioris
1952 1753 2162 1825 primi..
