2432 3554
1331 143 1446 202 164

506 302 674 364 Quod
732 301 1057 376 quibusdam
1115 303 1255 358 forte
1310 319 1421 358 non
1461 303 1795 369 satisfaciet,
1861 304 2192 360 intellectum
2224 302 2306 376 qui

433 398 703 454 occupare
760 381 938 437 solent
981 381 1040 437 in
1078 383 1297 438 entibus
1334 381 1594 448 rationis,
1654 387 1932 458 tamquam
1971 384 2129 440 rebus
2161 384 2304 456 parti-

436 461 719 519 cularibus
764 463 822 516 in
859 467 1059 517 natura
1095 479 1220 517 vere
1259 462 1657 530 existentibuS,
1715 465 1917 536 quique
1953 465 2035 520 ita
2071 481 2162 519 ens
2197 463 2306 537 rati-

434 541 558 598 onis
596 559 705 596 non
742 541 883 606 tale,
924 558 1053 596 vero
1091 560 1188 598 ens
1227 542 1370 599 reale
1401 543 1636 608 habent,
1680 562 1844 617 seque
1871 545 1976 616 ipsi
2005 545 2171 616 igitur
2195 563 2305 618 qua·

436 621 665 680 tundam
704 639 883 677 rerum
922 639 1143 679 eausam
1176 627 1428 696 ponunt:
1471 624 1553 678 uti
1582 623 1638 678 in
1665 641 1758 688 en,
1801 623 1869 678 de
1895 642 2004 697 quo
2029 625 2302 698 loquimur,

439 720 599 774 saepe
655 704 735 757 fit.
812 701 955 756 Cum
1013 702 1157 758 enim
1194 702 1442 759 homines
1473 702 1588 774 jam
1627 703 1765 759 hane
1798 704 1911 776 jam
1963 705 2112 760 illam
2150 703 2305 759 voliti-

440 799 599 839 onem
655 781 926 848 habeant,
984 783 1042 837 in
1100 789 1281 837 mente
1318 783 1447 838 inde
1485 781 1704 838 modum
1743 783 2050 855 generalem
2089 787 2304 858 ponunt,

436 880 597 936 quam
658 861 999 917 voluntatem
1058 867 1292 929 vocant,
1351 863 1538 918 eadem
1577 863 1790 919 ratione
1826 882 1936 936 qua
1972 882 2040 918 ex
2077 865 2174 920 hoe
2207 863 2307 918 illo-

436 960 542 1015 que
579 942 797 997 homine
834 941 1012 997 ideam
1052 941 1286 998 hominis
1325 943 1579 999 efficiant.
1655 943 1894 1004 Quando
1928 943 2100 1016 igitur
2123 941 2304 1018 quaeri·

437 1026 560 1082 tur,
620 1038 721 1076 cur
775 1021 1020 1078 homines
1076 1024 1176 1079 hoc
1235 1023 1445 1080 illudve
1496 1023 1703 1090 velint,
1761 1024 2146 1095 respondetur·
2200 1021 2306 1096 quia

438 1101 781 1157 voluntatem
822 1101 1042 1160 habent.
1120 1103 1259 1158 Cum
1299 1121 1428 1159 vero
1466 1103 1753 1168 voluntaS,
1797 1104 1878 1158 uti
1918 1102 2180 1166 diximu3‚
2217 1101 2304 1155 dis-

438 1181 615 1237 tincta
680 1182 750 1236 ab
812 1182 913 1238 hae
980 1183 1145 1240 illave
1212 1183 1514 1247 volitione‚
1591 1183 1810 1239 nonnisi
1869 1184 2062 1238 modus
2116 1181 2305 1255 quidam

434 1369 580 1416 solum
613 1368 807 1430 intelligi
838 1370 1017 1430 nequit,
1048 1370 1124 1418 sed
1155 1377 1201 1420 et
1232 1371 1318 1420 tibi
1351 1371 1625 1418 contrarium
1661 1375 1754 1428 est,
1786 1369 1890 1429 quia
1923 1384 1976 1418 eo
2007 1385 2165 1430 negare
2177 1366 2310 1414 videris
2373 1367 2375 1390 ²

435 1439 711 1486 voluntatem
743 1440 927 1487 liberam
958 1456 1071 1489 ease.

498 1507 567 1555 Ut
618 1509 794 1569 quidem
847 1511 978 1558 finem
1022 1512 1207 1570 faciam,
1256 1526 1504 1572 quanquam
1541 1526 1631 1558 non
1663 1511 1772 1558 libet
1803 1510 1955 1558 omnia
1986 1509 2196 1557 adducere
2222 1521 2312 1567 quae

437 1584 595 1627 eontra
642 1581 997 1642 propositionem
1047 1583 1326 1631 substantiae
1374 1589 1550 1630 creatae
1598 1581 1739 1630 habeo
1755 1619 1769 1640 ‚
1817 1581 2015 1628 breviter
2060 1587 2224 1628 tantum
2253 1591 2306 1622 os·

434 1650 613 1698 tendam
632 1686 647 1709 ,
710 1653 957 1700 voluntatis
1020 1654 1272 1702 libertatem
1319 1655 1446 1702 nullo
1493 1653 1627 1700 modo
1674 1653 1912 1700 convenire
1959 1667 2059 1700 cum
2105 1652 2184 1700 illa
2223 1663 2306 1696 ωι-

439 1719 568 1768 tinua
615 1722 844 1770 creatione
890 1739 1023 1785 quam
1066 1726 1356 1787 profitentur5
1409 1741 1510 1774 cum
1540 1727 1658 1774 enim
1692 1728 1740 1773 in
1771 1727 1872 1772 Deo
1903 1725 2162 1788 postulatur
2188 1723 2308 1771 eaden

439 1791 561 1839 aetio
604 1792 661 1839 ad
694 1808 787 1841 rem
818 1795 867 1841 in
898 1811 995 1843 eene
1028 1798 1406 1857 conservandum,
1447 1814 1500 1846 ac
1534 1798 1589 1845 ad
1620 1798 1886 1857 creandum,
1937 1812 2082 1857 neque
2111 1796 2228 1845 aliter
2251 1806 2308 1839 res

436 1861 508 1908 vel
552 1870 827 1911 momentum
874 1866 1053 1926 quidem
1098 1869 1288 1915 existere
1333 1875 1508 1930 pouet3
1574 1884 1667 1915 non
1713 1869 1856 1929 igitur
1904 1869 1972 1915 rei
2015 1868 2188 1916 causale
2223 1860 2306 1923 quil
2371 1886 2373 1921 ξ

442 1933 633 1981 attribui
681 1940 833 1995 potest
847 1974 861 1995 ,
910 1938 1075 1999 quippe
1122 1954 1236 1999 quae
1282 1940 1530 2001 potentiam
1575 1956 1672 1987 non
1724 1940 1890 1988 Ιιειίιοιιο
1937 1954 1986 1987 ee
2017 1934 2304 1989 coacervandi,
2371 1932 2373 1986 i

438 2004 582 2051 multo
630 2005 779 2053 minua
824 2023 853 2054 a
902 2024 949 2055 ae
996 2009 1163 2069 aliquid
1208 2012 1452 2071 producere
1498 2012 1658 2073 possit.
1735 2012 1786 2059 Si
1825 2010 1969 2072 igitur
2011 2010 2124 2058 (licie
2149 2012 2306 2057 meum

440 2074 701 2122 volitionem
733 2092 761 2124 a
792 2093 841 2125 ae
871 2079 971 2139 ipsa
1002 2080 1270 2141 producere,
1302 2098 1414 2143 rogo
1447 2098 1636 2143 quanam
1669 2083 1873 2144 potentia
1907 2082 1992 2129 hoe
2024 2082 2136 2128 flat?
2165 2092 2241 2126 non
2263 2088 2305 2119 ο·

437 2160 551 2205 quae
582 2147 693 2205 fuit,
730 2150 839 2196 haee
868 2150 987 2197 enim
1020 2167 1112 2199 non
1142 2154 1334 2213 amplius
1365 2154 1523 2212 adeat,
1509 2171 1522 2185 ·
1571 2168 1712 2213 neque
1742 2169 1818 2211 ea,
1852 2166 1986 2213 quam
2017 2152 2146 2199 modo
2175 2149 2303 2202 ΙιιΜ,

438 2216 607 2265 nullam
655 2218 775 2265 enim
824 2222 956 2269 habet
1004 2238 1092 2282 qua
1137 2224 1209 2270 vel
1257 2224 1477 2271 mininam
1528 2229 1798 2270 momentum
1846 2223 2038 2271 existere
2083 2222 2150 2269 vel
2179 2220 2310 2266 dume

438 2292 617 2349 posset,
650 2290 755 2349 quia
787 2292 1005 2339 continuo
1038 2299 1232 2343 creatur.
1295 2294 1410 2342 Oum
1443 2294 1586 2357 igitur
1617 2294 1740 2341 nulla
1771 2309 1844 2341 rea
1875 2292 2220 2353 ait,quanda1n
2241 2300 2302 2348 po·

436 2357 627 2406 tentiam
674 2360 723 2407 in
770 2376 821 2408 ae
852 2362 1019 2411 habene
1050 2380 1099 2411 ae
1127 2364 1272 2425 ipsam
1303 2364 1598 2413 coacervandi
1625 2364 1848 2425 aliquidve
1879 2363 2174 2426 producendi,
2215 2356 2306 2406 nihil
2369 2382 2371 2409 ;

440 2433 581 2477 restat
630 2446 763 2489 quam
810 2433 1081 2481 concludere
1130 2435 1280 2483 Deum
1328 2436 1475 2485 solum
1521 2436 1718 2483 omnium
1748 2449 1898 2483 rerum
1929 2448 2106 2484 musam
2131 2434 2308 2492 oleum
2369 2426 2371 2485 l

438 2512 539 2546 ente
568 2504 615 2547 et
647 2515 745 2549 oeae
774 2501 935 2551 debere
948 2538 963 2562 ,
994 2510 1129 2565 atque
1160 2520 1314 2554 omne·
1348 2506 1592 2555 volitiones
1621 2505 1678 2553 ab
1707 2521 1764 2553 eo
1791 2505 1890 2553 eolo
1920 2501 2208 2552 determinari.
