2432 3554
1286 166 1361 222 68

370 333 425 382 et
479 327 725 398 provisor
761 328 1003 382 omnium
1042 327 1273 388 dicitur,
1337 328 1651 400 ubicunque
1690 329 1857 386 talem
1895 333 2285 389 confusionem

366 409 426 464 in
475 417 672 463 natura
707 408 882 463 videri
919 409 1102 464 sinat?
1159 416 1215 464 et
1252 409 1447 471 etiam,
1506 425 1604 464 cur
1642 409 1914 466 hominem
1954 430 2062 467 non
2089 414 2283 469 'talem

365 489 660 553 creaverit,
701 491 792 560 qui
833 505 1055 560 peccare
1094 506 1201 542 non
1243 489 1461 558 posset?

432 727 598 788 Quod
636 727 704 781 ad
743 728 1008 797 primum,
1069 731 1295 782 naturae
1332 726 1511 780 inesse
1550 726 1951 790 confusionem,
2012 729 2115 784 hoc
2154 749 2285 787 non

357 812 503 862 recte
558 806 794 870 dicitur,
853 806 982 877 quia
1039 805 1243 860 nemini
1301 823 1489 860 omnes
1545 823 1725 862 rerum
1774 823 1970 862 causae
2010 809 2284 880 cognitae

360 891 528 948 sunt,
606 893 668 940 ut
723 903 788 940 ea
842 887 910 939 de
967 903 1022 940 re
1072 885 1323 955 judicare
1379 884 1571 955 possit.
1668 885 1922 956 Objectio
1980 887 2078 942 illa
2134 907 2283 945 vero

357 966 533 1020 oritur
589 981 655 1018 ex
712 963 1044 1038 ignorantia!
1077 983 1173 1028 ea,
1236 965 1380 1037 quod
1433 963 1583 1019 ideas
1618 965 1902 1037 generales
1940 971 2280 1038 posuerint,

353 1045 680 1116 quibuscum
738 1048 937 1115 putant
979 1061 1063 1098 res
1101 1044 1409 1115 singulares
1439 1085 1452 1107 ,
1518 1050 1579 1099 ut
1615 1046 1887 1116 perfectae
1928 1047 2069 1111 sint,
2133 1065 2279 1104 con-

351 1125 538 1180 venire
597 1123 808 1180 debere.
883 1123 1063 1180 Hasce
1118 1124 1292 1195 igitur
1348 1124 1497 1178 ideas
1555 1125 1613 1178 in
1645 1124 1772 1185 ,Dei
1832 1126 2122 1182 intellectu
2168 1147 2273 1200 po-

351 1209 523 1266 nunt,
566 1221 675 1275 qua
711 1203 920 1258 ratione
961 1203 1121 1258 multi
1159 1205 1409 1260 Platonis
1438 1208 1735 1260 sectatores
1760 1205 2056 1270 dixerunt,
2098 1224 2277 1278 gene·
2310 1251 2315 1256 .

352 1285 492 1338 tales
550 1284 684 1338 istas
721 1283 873 1338 ideas
896 1326 910 1348 ,
971 1289 1032 1340 ut
1071 1284 1276 1338 animal
1313 1283 1581 1339 rationale
1619 1289 1757 1347 etc„
1818 1304 1851 1340 a
1888 1285 2005 1340 Deo
2043 1297 2276 1344 creatas

351 1381 484 1420 esse.
557 1363 631 1418 Et
679 1380 1008 1436 quamquam
1047 1362 1394 1420 Aristotelici
1432 1363 1621 1419 dicant
1658 1365 1821 1420 hasce
1859 1383 1943 1420 res
1982 1384 2095 1422 non
2132 1385 2275 1424 vere

348 1443 582 1497 existere
639 1441 733 1496 sed
787 1449 1004 1499 tantum
1061 1445 1210 1500 entia
1270 1462 1387 1499 esse
1452 1444 1715 1508 rationis,
1772 1444 1843 1500 ab
1899 1445 2011 1501 illis
2069 1451 2272 1504 tamen

347 1544 508 1597 saepe
545 1530 822 1597 tamquam
861 1543 946 1581 res
985 1527 1284 1591 habentur,
1327 1527 1529 1598 quippe
1566 1527 1659 1598 qui
1691 1525 1836 1581 clare
1861 1525 2107 1580 dixerint
2135 1543 2269 1598 pro-

346 1606 646 1662 videntiam
701 1606 822 1676 ejus
879 1625 989 1662 non
1047 1607 1116 1662 ad
1175 1606 1495 1669 individua,
1555 1607 1650 1660 sed
1688 1606 1758 1660 ad
1796 1623 1997 1678 genera
2033 1609 2268 1662 tantum

344 1704 401 1741 se
456 1687 776 1749 extendere;
843 1688 924 1742 uti
964 1706 1017 1740 v.
1059 1705 1104 1744 c.
1143 1688 1296 1743 Deus
1333 1685 1736 1758 providentiam
1776 1704 1929 1740 suam
1969 1702 2263 1756 nunquam

342 1767 400 1822 in
455 1766 823 1837 Bucephalern
880 1767 1104 1832 habuit,
1165 1767 1261 1823 sed
1300 1769 1519 1821 tantum
1556 1765 1615 1821 in
1654 1765 1779 1838 equi
1817 1784 1991 1837 genus
2030 1767 2263 1821 univer-

341 1864 479 1901 sum.
541 1846 751 1903 Dicunt
788 1849 954 1902 etiam
993 1848 1171 1902 Deum
1210 1846 1493 1903 scientiam
1536 1862 1645 1901 non
1685 1845 1883 1900 habere
1918 1863 2099 1899 rerum
2130 1864 2261 1917 par-

340 1926 656 1982 ticularium
695 1931 752 1981 et
789 1926 1285 1999 praetereuntium,
1341 1924 1433 1979 sed
1473 1928 1689 1979 tantum
1726 1924 2065 1995 generalium
2106 1944 2258 1999 quae

339 2024 527 2061 eorum
566 2007 822 2078 opinione
859 2006 1231 2063 immutabiles
1270 2008 1420 2061 sunt·
1468 2004 1633 2063 Quod
1673 2010 1857 2060 autem
1896 2005 1950 2059 in
1990 2004 2061 2059 iis
2098 2016 2259 2061 recte

339 2104 437 2157 pro
475 2087 697 2141 inscitia
734 2086 930 2140 habere
970 2102 1286 2157 possumne,
1353 2083 1483 2155 quia
1528 2084 1885 2154 particularia
1924 2084 2021 2140 illa
2060 2090 2256 2141 omnia

337 2165 454 2221 sola
477 2183 695 2222 causam
724 2165 955 2229 habent,
987 2184 1092 2220 non
1124 2183 1251 2221 vero
1278 2164 1587 2237 generaliass,
1618 2182 1740 2220 cum
1770 2164 1906 2220 nihil
1934 2165 2063 2221 sint.
2103 2164 2253 2221 Cum

337 2247 510 2319 igitur
549 2246 700 2302 Deus
737 2246 1152 2319 particularium
1180 2252 1396 2301 tantum
1424 2259 1588 2299 causa
1614 2249 1670 2299 et
1695 2246 1942 2315 provisor
1968 2245 2073 2309 sit,
2118 2264 2249 2317 par-

331 2328 618 2393 ticularia,
663 2332 723 2383 ut
758 2329 1117 2384 convenirent
1153 2345 1276 2383 cum
1316 2325 1426 2381 alia
1465 2330 1691 2389 natura,
1731 2342 1854 2381 cum
1896 2324 2119 2396 propria
2150 2346 2253 2382 sua

331 2410 624 2464 convenire
652 2426 762 2464 non
788 2420 1040 2478 possent,
1070 2414 1125 2463 et
1152 2426 1247 2479 per
1272 2403 1721 2476 consequentiam
1752 2423 1861 2460 non
1889 2407 2071 2459 essent
2090 2409 2247 2476 quod

332 2506 518 2543 revera
571 2498 717 2545 sunt.
790 2488 860 2547 V.
921 2506 970 2545 c.
1031 2489 1076 2543 si
1117 2488 1266 2543 Deus
1302 2502 1489 2541 omnes
1529 2483 1771 2539 homines
1810 2484 1948 2540 tales
1985 2498 2245 2543 creasset
