2432 3554
94 3030 227 3087 f*

1274 150 1389 208 336

388 311 602 376 curavi,
663 311 908 383 exceptis
955 310 1135 365 tribus
1185 329 1323 382 quae
1378 309 1510 364 mihi
1559 309 1874 367 donaveras,
1963 311 2147 383 Atque
2175 309 2256 364 illa

387 391 604 462 quidem
642 391 850 462 pridem
888 391 1114 460 Parisijs
1151 391 1364 445 reddita
1400 389 1569 444 fuisse
1607 407 1675 444 ex
1714 389 1806 445 Di.
1838 390 2073 460 Hamelij
2108 391 2254 446 literis

387 470 577 542 procul
616 471 783 526 dubio
821 470 1162 526 intellexisti.
1211 472 1376 530 Quod
1416 487 1543 524 vero
1583 470 1769 524 nullas
1809 470 2093 544 hucusque
2126 489 2157 526 a
2186 487 2253 524 me

389 551 692 622 acceperi8‚
738 551 796 605 id
834 567 1035 621 quaeso
1074 568 1140 604 ne
1178 567 1339 621 aegre
1376 551 1549 613 ferae,
1612 569 1748 604 neve
1786 551 1865 606 ita
1903 550 2252 623 interpreteris

389 647 455 686 ac
510 630 556 685 si
601 648 792 702 parum
828 639 1016 701 gratae
1057 631 1186 684 mihi
1226 631 1433 685 fuerint
1471 632 1571 684 hae
1607 631 1811 702 ingenij
1850 632 1936 686 tui
1972 632 2249 703 primitiae:

388 712 610 766 fuerunt
662 711 806 765 enim
845 709 1005 782 longe
1056 710 1400 780 gratissimae
1448 716 1504 764 et
1552 710 1755 782 absque
1810 711 1925 766 ulla
1976 730 2125 766 mora
2153 727 2253 782 per-

389 789 592 852 lectae:
659 790 754 844 sed
810 806 932 844 cum
981 790 1047 843 de
1095 790 1160 860 ijs
1198 789 1471 860 judicium
1512 808 1687 844 meum
1726 796 1781 845 te
1818 793 2094 864 requirere
2126 791 2249 845 vide-

389 889 530 935 rem,
571 888 681 925 non
719 886 944 940 propere
983 887 1082 924 nec
1119 869 1314 923 leviter
1336 870 1465 924 mihi
1486 871 1875 926 examinandas
1899 872 2107 942 putavi.
2138 869 2249 925 Fuit

387 956 570 1005 autem
608 955 662 1004 et
701 951 879 1020 ipsum
918 967 1144 1003 examen
1181 950 1437 1020 opinione
1466 968 1583 1003 mea
1608 948 1887 1005 difficilius
1912 951 2245 1022 propterdoc·

390 1031 566 1086 trinae
621 1033 952 1094 novitatem,
1011 1035 1066 1084 et
1121 1031 1178 1084 in
1235 1047 1301 1084 eo
1344 1049 1502 1102 saepe
1538 1030 1924 1101 interpellatus
1962 1031 2041 1085 fui
2078 1031 2153 1083 vel
2182 1027 2243 1082 as·

389 1112 532 1166 fecta
587 1109 904 1164 valetudine
953 1109 1041 1162 vel
1089 1109 1318 1165 aliarum
1356 1110 1776 1180 occupationum
1817 1115 1873 1165 et
1909 1111 1989 1164 rei
2026 1107 2239 1164 domesti-

387 1206 482 1246 cae
537 1189 942 1252 avocamentiS,
1001 1190 1094 1244 sed
1144 1190 1243 1246 illa
1287 1190 1576 1261 praecipue
1627 1206 1765 1260 quae
1807 1207 1889 1242 me
1924 1190 2035 1260 jam
2071 1189 2133 1243 ab
2160 1186 2238 1241 ali·

388 1275 522 1340 quot
571 1269 731 1324 annis
781 1268 1000 1322 nonnisi
1058 1287 1258 1339 paucas
1302 1269 1461 1324 horas
1498 1269 1745 1341 quotidie
1784 1269 1979 1339 studijs
2014 1265 2234 1339 impertiti

362 1349 538 1416 sinit.
609 1349 750 1420 Legi
807 1347 993 1418 itaque
1039 1348 1198 1402 avide
1238 1349 1356 1419 ejus
1393 1350 1739 1412 universum,
1796 1348 1957 1420 cujus
1994 1365 2111 1420 pars
2136 1345 2227 1407 illa,

388 1445 529 1498 quae
583 1428 652 1482 ad
689 1427 931 1497 corporis
969 1428 1258 1482 sanitatem
1296 1429 1559 1484 tuendam
1595 1430 1828 1493 attinet,
1876 1428 1991 1499 jam
2028 1427 2225 1492 antem

389 1510 522 1578 scis)
561 1509 692 1564 mihi
731 1508 1023 1580 plurimum
1063 1509 1170 1564 fuit
1207 1511 1435 1578 probata
1461 1511 1509 1571 1;
1549 1509 1617 1562 >de
1656 1527 1766 1580 qua
1804 1509 1990 1581 itaque
2010 1503 2225 1574 nihiljam

305 1626 326 1654 ,
387 1588 597 1652 dicam,
649 1587 756 1643 nisi
808 1587 1022 1659 placere
1065 1589 1141 1644 ibi
1181 1589 1365 1644 omnia
1401 1605 1695 1660 eorumque
1733 1588 2035 1642 utilitatem
2069 1585 2231 1655 aliquo·

389 1669 492 1722 ties
545 1667 674 1722 mihi
727 1669 1058 1738 experiendo
1107 1673 1458 1740 compertam.
1530 1668 1769 1723 Revolvi
1820 1668 2019 1722 deinde
2062 1663 2234 1734 saepius

388 1751 598 1818 partem
647 1745 872 1802 alteram
911 1765 1050 1820 quae
1090 1749 1289 1805 mentis
1326 1748 1571 1826 ὃδηγίαν
1608 1749 2026 1821 complectitur,
2074 1747 2123 1802 in
2146 1759 2231 1815 qu

389 1829 624 1899 plurima
660 1845 872 1899 quoque
912 1830 1098 1883 inveni
1135 1848 1275 1901 quae
1314 1831 1450 1885 bene
1487 1847 1709 1901 prorsus
1752 1848 1819 1885 ac
1851 1831 2115 1901 sapienter
2131 1821 2227 1879 milri

391 1910 654 1963 disserere
691 1908 912 1965 videris,
987 1910 1127 1964 Sunt
1162 1914 1348 1965 tamen
1386 1910 1639 1981 pluscula
1684 1926 1901 1981 quoque
1938 1907 2123 1981 quibus
2149 1917 2223 1957 non

389 1990 550 2059 plane
601 1989 916 2060 acquiesco;
983 1996 1110 2045 sunt
1165 2010 1305 2062 quae
1342 1998 1559 2048 tantum
1598 1992 1777 2047 obiter
1815 1992 2079 2063 attigisti,
2128 2001 2227 2059 quae

391 2069 524 2123 mihi
571 2068 660 2123 vel
711 2068 1074 2124 confidentius
1124 2075 1333 2126 asserta
1381 2071 1471 2125 vel
1515 2073 1682 2126 etiam
1721 2071 2151 2151 παραδοξότερα
2176 2064 2232 2117 Vi·

393 2148 624 2213 dentur,
685 2166 931 2220 quaeque
970 2150 1104 2203 adeo
1144 2155 1206 2205 ut
1242 2151 1543 2224 aliquando
1578 2152 1815 2223 amplius
1850 2153 2083 2223 explices
2114 2144 2231 2201 valde

392 2233 635 2299 expecto,
708 2228 756 2282 E
805 2228 1077 2299 prioribus
1121 2234 1208 2285 est
1244 2230 1384 2285 illud
1422 2233 1537 2288 ,veri
1576 2236 1865 2307 κριτήριον
1900 2238 2083 2297 tuum,
2124 2224 2230 2301 quod

393 2310 606 2373 nesci0,
663 2327 732 2363 an
785 2310 1037 2380 cuiquam
1086 2312 1490 2381 approbaturus
1526 2315 1632 2374 sis;
1685 2322 1748 2367 ut
1786 2316 1930 2369 enirn
1969 2316 2117 2370 facile
2144 2306 2232 2381 quis

396 2389 727 2445 concesserit
771 2388 826 2442 id
864 2389 1009 2460 quod
1047 2407 1237 2445 verum
1268 2397 1353 2446 est
1372 2398 1553 2447 mente
1572 2394 1786 2464 concipi
1807 2412 1965 2465 posse
1985 2400 2039 2449 et
2056 2393 2231 2449 debere,

391 2470 472 2525 ita
509 2468 881 2524 conversionis
918 2469 1297 2525 necessitatem
1324 2491 1431 2527 non
1458 2479 1749 2544 agnoscet,
1790 2493 1982 2546 nempe
2006 2474 2234 2545 quodeun-

395 2568 500 2621 que
537 2547 754 2619 concipi
792 2553 1001 2620 potest,
1043 2567 1233 2605 verum
1278 2570 1413 2621 esse.
1467 2554 1652 2617 Quid,
1694 2554 1839 2625 quod
1880 2556 2011 2610 haec
2046 2558 2131 2608 tua
2148 2544 2233 2599 veri

395 2630 548 2685 notio
587 2647 696 2684 non
732 2630 841 2706 ‘nisi
879 2629 948 2682 ad
989 2630 1162 2699 prima
1198 2632 1623 2687 Mathematices
1648 2639 1703 2687 et·
1727 2632 1993 2705 Physices
2018 2624 2235 2703 principia

395 2716 640 2783 spectare
695 2709 946 2773 videtur,
1007 2728 1115 2765 non
1165 2717 1350 2767 autem
1398 2712 1469 2767 ad
1518 2714 1799 2767 veritatem
1861 2714 1919 2767 in
1968 2713 2031 2783 ijs
2065 2718 2235 2782 quoque

395 2792 556 2846 rebus
607 2790 1052 2861 dijudicandum,
1104 2794 1421 2861 praesertim
1460 2794 1517 2847 in
1556 2792 1828 2865 Physicis,
1872 2812 2011 2867 quae
2034 2808 2117 2865 per
2138 2800 2233 2842 con·

397 2870 707 2941 sequentias
745 2886 811 2923 ex
847 2875 974 2924 ante
1013 2870 1249 2941 cognitis
1286 2872 1636 2937 derivantur;
1682 2878 1743 2929 ut
1776 2892 1887 2929 non
1914 2874 2113 2930 videam
2134 2880 2235 2938 quo·

458 3030 505 3085 1)
571 3026 702 3073 Conf.
734 3041 892 3087 supra,
925 3044 1025 3089 pag.
1057 3030 1179 3087 334,
1209 3028 1257 3075 in
1289 3030 1322 3077 f.
