2432 3554
1196 152 1315 211 240

734 555 854 611 DE
918 550 1258 611 MENTE
1321 552 1756 609 HUMANA.

382 715 561 770 Homo
617 732 744 771 eum
780 714 853 769 sit
890 731 977 769 res
1015 724 1199 769 ereata
1235 712 1425 777 finita,
1467 718 1572 769 eto.
1595 756 1609 777 ‚
1651 730 1881 775 neeesse
1917 714 2006 767 est
2040 704 2207 770 illud,

314 794 461 867 quod
505 794 857 866 cogitationis
897 792 1127 857 habeat,
1184 792 1440 864 quodque
1478 796 1714 848 mentem
1751 810 2046 853 vocamus,
2107 803 2212 841 mo·

313 876 444 929 dum
501 873 655 929 illins
710 890 827 929 esse
875 872 1133 928 attributi
1169 872 1318 941 quod
1357 872 1748 943 cogitationem
1785 888 2080 933 vocamu3‚
2118 882 2214 921 nec

311 954 464 1009 aliud
501 954 634 1026 quid
670 954 779 1009 nisi
816 953 958 1009 hane
995 951 1454 1007 modificationem
1492 952 1562 1006 ad
1599 952 1718 1023 ejus
1767 952 2061 1007 essentiam
2099 962 2214 1019 per·

313 1035 519 1097 tinere;
562 1038 619 1088 et
655 1033 758 1089 hoe
792 1037 1105 1105 tantopere,
1150 1034 1238 1094 ut,
1281 1031 1330 1085 si
1367 1032 1698 1087 modificatio
1736 1032 1839 1087 illa
1879 1029 2210 1088 destruitur,

317 1130 468 1167 mens
506 1113 673 1168 etiam
718 1112 1069 1176 destruatur,
1119 1112 1226 1166 etsi
1277 1113 1610 1183 praecedens
1651 1114 1995 1169 immutabile
2034 1108 2214 1164 manet

322 1192 671 1249 attributum.
743 1192 953 1247 Eodem
1008 1208 1224 1264 quoque
1264 1193 1422 1247 modo
1459 1193 1602 1249 illud
1651 1194 1802 1266 quod
1848 1212 1996 1248 mens
2032 1193 2212 1245 exten-

317 1275 488 1329 sionis
525 1274 718 1339 habet,
758 1274 1017 1347 quodque
1054 1289 1252 1343 eorpus
1288 1289 1578 1343 vocamus,
1617 1273 1758 1328 nihil
1805 1273 1956 1329 aliud
1990 1276 2075 1327 est
2112 1264 2212 1323 nisi

318 1352 651 1409 modificatio
674 1352 818 1408 alius
839 1351 994 1408 illius
1020 1352 1308 1419 attributi,
1349 1354 1496 1427 quod
1523 1355 1900 1409 extensionem
1926 1364 2206 1411 vocamus,

322 1452 431 1507 quo
456 1436 738 1491 destructo
754 1478 770 1499 ,
811 1452 911 1491 nee
938 1450 1136 1506 eorpus
1160 1436 1460 1490 humanum
1486 1435 1724 1507 amplius
1751 1439 1872 1500 est,
1909 1434 2008 1489 etsi
2033 1434 2210 1485 exten·

324 1516 495 1571 sionis
534 1516 863 1571 attributum
902 1515 1246 1571 immutabile
1286 1520 1488 1571 manet.

400 1912 479 1968 Ut
516 1930 645 1968 vero
682 1912 1030 1986 intelligatur
1067 1911 1248 1986 qualis
1286 1913 1384 1968 illa
1421 1914 1495 1968 sit
1531 1913 1870 1969 modificatio
1894 1929 2047 1986 quam
2069 1925 2206 1964 men-

326 1997 437 2047 tem
475 2009 765 2057 voeamus,
807 2003 864 2048 et
901 1991 1172 2065 quomodo
1209 2009 1243 2046 a
1279 2009 1503 2064 corpore
1540 1994 1810 2066 originem
1848 1995 2012 2050 ducat
2043 1993 2204 2046 muta·

327 2073 515 2144 tioque
553 2072 673 2142 ejus
709 2090 743 2127 a
778 2072 897 2127 solo
936 2071 1173 2145 pendeat
1210 2088 1434 2143 corpore
1473 2075 1640 2145 (quod
1681 2074 1830 2146 apud
1869 2091 1951 2128 me
1987 2075 2065 2126 est
2085 2067 2208 2124 unio

330 2153 573 2225 eorporis
610 2157 669 2208 et
704 2153 931 2222 mentis)
971 2155 1226 2206 notetur:

402 2313 453 2368 1.
526 2310 995 2367 Modificationem
1046 2309 1572 2366 immediatissimam
1610 2311 1904 2378 attributi,
1959 2309 2096 2384 quod
2127 2321 2206 2362 eo-

332 2391 657 2463 gitationem
704 2408 963 2447 vocamus
984 2433 997 2455 ,
1058 2392 1116 2446 in
1155 2407 1211 2445 se
1250 2388 1446 2444 habere
1483 2391 1756 2462 objective
1796 2393 2080 2447 essentiam
2114 2387 2206 2440 for·

330 2471 528 2526 malem
554 2471 799 2526 omnium
822 2489 1032 2534 rerum:
1074 2470 1311 2543 quadam
1337 2470 1482 2524 enim
1507 2489 1564 2526 re
1593 2472 1812 2528 formali
1838 2472 2048 2546 posita,
2069 2466 2210 2538 eujus

335 2550 574 2606 essentia
616 2550 886 2621 objeotive
923 2568 1035 2606 non
1072 2553 1218 2606 esset
1252 2549 1314 2603 in
1349 2551 1618 2606 attributo
1658 2551 1972 2624 praedicto,
2012 2548 2209 2606 omnino

337 2648 447 2685 non
486 2631 705 2685 infinita
740 2647 843 2687 nee
879 2632 937 2686 in
974 2648 1171 2702 genere
1210 2645 1310 2684 suo
1347 2631 1588 2700 perfecta
1631 2636 1808 2696 esset,
1869 2635 2058 2689 eontra
2088 2623 2212 2682 illud

340 2710 485 2783 quod
523 2711 691 2765 tertia
726 2712 1104 2783 propositione
1135 2709 1250 2781 jam
1290 2707 1722 2768 demonstratum
1765 2716 1866 2769 est.
1903 2712 2083 2782 Atque
2103 2719 2212 2763 eum

342 2793 540 2845 natura
576 2789 691 2844 sive
728 2791 881 2846 Deus
920 2791 994 2846 sit
1020 2809 1146 2856 enS,
1188 2789 1256 2844 de
1278 2805 1387 2860 quo
1412 2792 1631 2849 infinita
1659 2791 1924 2848 dicuntur
1945 2787 2208 2848 attributa,

346 2869 599 2940 quodque
638 2869 697 2925 in
734 2886 790 2924 se
827 2870 1243 2941 comprehendit
1278 2874 1464 2930 omnia
1500 2889 1680 2928 rerum
1729 2873 2031 2928 creatarum
2055 2880 2208 2922 essen·
