2432 3554
1279 145 1394 202 154

385 305 773 378 >corruptibiles
818 307 1114 379 multisque
1152 307 1370 362 casibus
1407 307 1676 362 obnoxiae
1714 311 1873 370 sunt,
1933 305 2053 360 inde
2093 319 2246 360 neces·

385 387 527 440 sario
566 388 813 459 sequitur
849 387 1067 451 odium,
1108 388 1366 451 tristitia,
1410 392 1516 444 cet.
1560 393 1682 458 post
1719 387 1886 442 amati
1923 385 2243 455 objectimu-

384 466 677 530 tationem:
718 467 937 530 odium,
980 467 1074 522 ubi
1112 467 1312 539 aliquis
1339 471 1577 521 amatum
1605 467 1840 528 adimat:
1881 465 2126 527 tristitia,
2167 463 2245 518 uhi

384 547 685 610 amittitur3
726 547 927 610 houm,
970 547 1189 618 quando
1225 549 1309 602 sui
1347 565 1530 602 amore
1566 548 1796 608 nititur:
1838 548 1988 601 favor
2021 551 2074 599 et
2102 545 2246 616 grsti-

384 626 551 686 tudo.
600 627 817 698 qnando
856 627 1133 696 proximus
1172 645 1282 682 non
1318 627 1422 681 Dei
1461 645 1626 683 causa
1663 632 1896 681 amatur.
1973 623 2192 686 Quando
2223 641 2246 674 e

384 707 657 762 contrario
712 706 873 760 homo
928 707 1104 761 Deum
1143 721 1323 760 amare
1361 707 1586 778 incipit,
1647 707 1740 778 qui
1781 723 1988 774 semper
2023 706 2248 758 immuta-

345 813 352 820 ·
385 785 509 841 bilis
545 789 629 840 est
668 789 985 856 manetque,
1026 785 1362 856 impossibile
1400 791 1484 841 est
1518 788 1578 841 in
1605 790 1860 858 stagnum
1887 783 2037 839 ilium
2063 783 2245 854 passio-

382 883 514 920 num
568 864 843 926 incidere;
900 881 1065 935 quare
1112 869 1374 936 tanquam
1431 869 1632 920 certam
1670 865 1986 936 firmamque
2021 863 2245 936 ponimus

382 946 649 1016 regulam,
706 943 884 998 Deum
926 944 1153 1014 primam
1191 945 1516 1017 unicamque
1553 947 1732 1000 omnis
1771 946 1900 1000 boni
1939 943 2101 998 nostri
2135 957 2244 996 cau·

384 1043 529 1090 sam,
571 1023 807 1096 malique
844 1024 1019 1078 nostri
1057 1041 1175 1079 esse
1212 1024 1581 1080 liberatorem.

454 1261 705 1332 Denique
740 1260 1284 1318 animadvertendum
1323 1261 1502 1316 adhuc
1529 1265 1644 1324 est,
1686 1279 1954 1326 amorem,
1995 1266 2091 1318 cet.
2117 1261 2242 1315 inde·

382 1341 701 1396 terminatos
736 1359 854 1396 esse
876 1384 891 1405 ‚
933 1341 1053 1398 scil.
1096 1359 1187 1396 eos
1226 1359 1334 1414 quo
1373 1341 1545 1412 magis
1571 1347 1886 1398 accrescant
1909 1359 1972 1397 eo
1997 1345 2240 1412 praestan·

383 1421 550 1476 tiores
598 1422 856 1484 evadere,
914 1421 1115 1492 quippe
1151 1423 1246 1493 qui
1283 1423 1341 1477 in
1378 1422 1654 1492 objectum
1693 1421 1924 1476 tendant
1962 1420 2239 1478 infinitum.

384 1518 549 1572 quare
604 1501 753 1554 omni
810 1504 1049 1570 tempore
1094 1517 1402 1557 accrescere
1458 1505 1708 1572 possunt.
1785 1501 1952 1561 Quod
1997 1499 2242 1554 materiam

384 1579 543 1634 nobis
578 1579 889 1649 praebebit,
931 1598 959 1633 e
995 1597 1105 1652 qua.
1141 1583 1320 1652 capite
1355 1573 1642 1636 vicessimo
1671 1583 1838 1636 tert-io
1861 1580 2026 1636 animi
2053 1582 2238 1634 immor·

384 1659 655 1714 talitatem
694 1659 1083 1715 concludemus
1120 1665 1175 1716 et
1211 1660 1720 1717 demonstrabimus,

453 1897 755 1969 Hucusque
810 1898 983 1969 igitur
1032 1900 1099 1953 de
1136 1900 1391 1955 omnibus
1431 1900 1634 1962 locuti,
1693 1916 1832 1972 quae
1871 1899 2024 1954 nobis
2058 1896 2238 1952 tertiam

384 1978 617 2049 speciem
672 1978 760 2033 vel
797 1979 1048 2034 effectum
1086 1997 1248 2036 verae
1283 1981 1410 2035 fidei
1448 1979 1777 2041 ostendunt,
1831 1980 1944 2051 jam
1982 1978 2149 2048 capite·
2175 1992 2240 2028 se·

380 2063 581 2129 quente
637 2058 1043 2129 progrediemur
1078 2064 1316 2115 tractare
1353 2062 1420 2115 de
1457 2065 1653 2133 quarto
1691 2060 2000 2133 ultimoque
2033 2057 2230 2113 effectu.

384 2155 416 2193 a
454 2137 607 2193 nobis
644 2155 769 2209 pag.
810 2140 917 2193 110
953 2142 1009 2194 et
1044 2140 1150 2194 112
1186 2140 1431 2195 nondum
1469 2140 1664 2212 posite.

773 2471 1023 2529 CAPUT
1078 2472 1446 2529 DECIMUM
1495 2472 1880 2533 QUINTUM.

1018 2645 1094 2683 nu
1128 2644 1287 2685 vuno
1329 2615 1401 2684 nr
1433 2645 1634 2685 muso·

452 2786 535 2839 Ut.
588 2784 903 2851 videamus,
968 2788 1239 2858 quomodo
1295 2798 1524 2859 quartus
1579 2788 1918 2863 ultimusque
1953 2802 2102 2841 verae
2133 2778 2232 2836 fidei

381 2865 605 2918 effectus
659 2880 848 2920 verum
899 2866 1204 2939 falsumque
1243 2868 1402 2923 nobis
1439 2870 1727 2936 ostendat,
1785 2868 2031 2925 veritatis
2066 2861 2233 2919 falsita-

380 2942 562 3014 tisque
598 2944 969 2999 definitionem
1008 2948 1436 3017 praemittemus.
