2432 3554
1154 140 1271 199 236

905 316 1410 375 PROPOSITION
1416 318 1504 375 Es
1515 360 1526 374 .

1192 477 1242 532 1.

334 615 493 671 Nulli
548 616 885 673 substantiae
940 618 1160 673 realiter
1196 620 1457 675 existenti
1494 618 1732 675 adscribi
1767 622 1954 691 potest
1989 636 2174 673 unum

264 694 516 767 idemque
552 698 909 762 attributum,
950 697 1096 769 quod
1140 697 1238 757 alii
1272 700 1606 756 adscribitur
1631 700 1974 755 substantiae
1992 740 2008 763 ‚
2052 699 2178 755 sive

265 777 437 848 (quod
472 779 616 832 idem
654 780 764 847 est)
801 777 941 833 duae
978 780 1036 832 in
1074 783 1275 835 natura
1312 780 1656 835 substantiae
1691 780 1858 836 unius
1889 779 2175 851 ejusdem-

269 874 379 928 que
414 862 645 913 naturae
683 859 917 914 existere
954 863 1252 930 nequeunt.

324 1056 669 1107 Damon-stratio.
719 1056 1005 1106 Substantias
1038 1059 1155 1107 enim
1188 1074 1290 1106 eum
1322 1059 1435 1107 duae
1465 1059 1584 1118 sint,
1618 1058 1820 1108 diversae
1849 1063 1960 1105 sunt
1975 1094 1990 1117 ,
2019 1058 2184 1117 itaque

255 1131 355 1188 (per
385 1128 487 1174 11m
518 1128 713 1188 axioma)
746 1130 815 1176 vel
848 1130 1029 1177 realiter
1058 1131 1128 1177 vel
1144 1130 1379 1179 modaliter
1393 1129 1737 1191 distinguuntur
1743 1149 1759 1189 3
1790 1144 1883 1177 non
1899 1128 2152 1177 modalioer
2167 1164 2184 1188 ,

255 1203 354 1245 tum
386 1198 505 1245 enim
538 1198 659 1247 modi
698 1205 861 1247 natura
892 1216 975 1247 sua
1006 1202 1262 1249 substantia
1293 1206 1444 1249 essent
1473 1202 1650 1263 priores
1666 1238 1680 1260 ‚
1714 1207 1873 1248 eontra
1905 1198 2094 1247 axiomn
2123 1200 2184 1258 13

259 1285 363 1331 erqo
413 1269 618 1330 realiter,
666 1271 820 1331 itaque
868 1274 968 1331 (per
1014 1272 1131 1317 IVm
1178 1272 1376 1332 axioma)
1423 1270 1478 1318 de
1525 1287 1617 1319 una
1650 1270 1740 1318 diei
1770 1269 1928 1331 nequit
1963 1270 2090 1329 qnod
2123 1269 2190 1316 de

264 1339 406 1388 altera
437 1340 627 1399 dieitur3
664 1340 783 1401 quod
814 1348 911 1389 erat
944 1340 1351 1390 demonstrandum.

1176 1632 1256 1689 11.

338 1783 467 1839 Una
502 1785 815 1842 substantia
852 1787 1080 1843 alterius
1118 1786 1444 1843 existentiae
1483 1803 1652 1844 eausa
1686 1804 1803 1841 esse
1840 1785 2065 1857 nequit.

322 1993 451 2042 Dem.
512 1995 637 2042 'ralis
682 2011 817 2044 eausa
862 1997 1033 2057 aliquid
1063 1999 1250 2046 effeetus
1281 1995 1390 2044 talis
1420 1999 1521 2058 (per
1551 1995 1626 2042 Im
1655 1999 1804 2058 prop.)
1833 1995 1884 2042 in
1922 2011 1974 2043 se
2012 1995 2184 2042 habere

261 2068 441 2128 nequit:
486 2071 717 2129 utriusque
760 2069 881 2117 enim
927 2069 1181 2118 differentis
1212 2067 1348 2115 realis
1379 2073 1448 2114 est
1463 2105 1479 2126 ‚
1527 2067 1682 2126 itaque
1711 2069 1812 2128 (per
1839 2065 1929 2114 Vm
1975 2067 2184 2123 axioma)

260 2153 351 2186 una
382 2139 567 2186 alteram
599 2139 843 2202 produeere
872 2142 1043 2200 nequit.

1153 2375 1268 2432 111.

336 2535 529 2590 Omnis
572 2532 913 2598 substantia,
972 2535 1088 2591 sive
1145 2532 1266 2604 ejus
1302 2531 1608 2597 attributa,
1669 2549 1769 2588 sua
1805 2536 2008 2590 natura
2045 2536 2172 2592 infi-

266 2616 413 2682 nita,
450 2618 508 2670 et
542 2615 602 2671 in
638 2632 834 2687 genere
872 2633 971 2671 suo
1010 2632 1220 2672 summe
1257 2615 1498 2685 perfecta
1534 2616 1635 2669 est.

320 2824 449 2872 Dm.
494 2823 634 2872 Nulla
664 2824 916 2872 substantia
946 2829 1045 2885 (per
1075 2823 1177 2872 11m
1208 2826 1360 2885 prop.)
1390 2822 1447 2870 ab
1475 2822 1565 2870 alis
1597 2827 1781 2870 causata
1810 2829 1906 2883 est3
1939 2824 2097 2884 itaque
2127 2826 2172 2873 si

262 2895 443 2942 realiter
474 2893 649 2952 existit,
685 2894 778 2942 sive
809 2895 899 2942 Dei
928 2894 1197 2943 attributum
1225 2899 1298 2942 est
1329 2894 1423 2942 sive
1456 2898 1582 2942 extra
1614 2894 1762 2940 Deum
1794 2894 1868 2940 sui
1897 2908 2034 2942 eausa
2065 2893 2175 2943 fuit.

264 2963 315 3010 Si
341 2967 554 3026 primum,
585 2965 837 3012 necessario
866 2965 1042 3012 infinita
1072 2971 1118 3012 et
1149 2966 1197 3011 in
1229 2979 1392 3025 genere
1420 2979 1502 3013 sno
1535 2979 1705 3012 summe
1735 2963 1934 3026 perfecta
1969 2969 2040 3013 est
2053 3001 2070 3025 ,
2101 2964 2176 3013 uti
