2432 3554
1069 163 1186 222 839

179 330 470 390 Electrieis
517 329 706 386 adesse
755 331 978 384 coactus
1029 344 1148 384 sum
1166 367 1180 390 ,
1236 342 1347 380 non
1384 321 1559 380 solum
1600 326 1781 380 tamen
1819 329 2073 379 accurate

181 411 508 484 respondere
557 417 772 466 animus
820 415 934 471 est,
996 409 1090 464 sed
1140 410 1198 461 et
1242 404 1590 460 vehementer
1638 421 1801 476 rogo,
1864 410 1929 460 ut
1965 406 2076 460 alia

182 508 590 566 quaecumque,
629 508 770 562 quae
824 489 892 545 ad
933 488 1258 560 marginem,
1316 493 1378 542 ut
1416 487 1640 551 scribis,
1680 492 1943 542 annotata
1986 487 2077 542 ha-

183 573 312 637 bes,
371 571 499 626 mihi
549 571 678 624 data
731 569 1014 626 occasione
1069 585 1287 640 quoque
1324 567 1724 630 communices:
1784 584 2078 637 cognosces

185 654 391 710 etenim
447 671 514 708 ex
575 671 694 706 mea
741 671 951 724 semper
1001 649 1353 722 responsione
1402 651 1669 719 quantum
1745 647 1949 702 amicos
1998 647 2082 702 tui

189 735 398 792 similes
434 734 492 788 in
530 732 795 804 singulari
833 733 1082 786 aestimio
1122 729 1380 793 habeam,
1422 745 1717 800 eorumque
1757 727 2082 782 benevolen-

191 816 273 872 tia
323 814 794 869 continuationem
833 812 963 867 mihi
1001 826 1324 866 conservare
1360 811 1507 866 omni
1548 809 1731 865 studio
1774 809 2087 867 allaborem.

185 898 324 954 ‚Iam
373 894 438 947 ad
495 909 608 948 rem
644 894 850 964 ipsam:
903 892 1077 963 primo
1114 891 1459 962 perhibetur,
1510 891 1655 963 quod
1694 890 1883 961 procul
1922 890 2091 945 dubio

191 993 264 1031 ex
313 975 388 1030 D.
428 973 664 1043 Hamelij
718 972 892 1026 literis
939 970 1305 1026 intellexerim
1345 987 1463 1025 mea
1500 970 1829 1040 exemplaria
1866 970 2089 1040 Parisijs

191 1058 423 1125 accepta
469 1053 670 1115 fuisse;
732 1052 832 1107 hac
880 1050 948 1105 de
997 1069 1054 1105 re
1103 1056 1250 1106 certe
1316 1050 1581 1106 hactenus
1619 1050 1756 1106 nihil
1796 1050 1928 1105 mihi
1966 1067 2093 1106 con·

197 1139 341 1194 stat,
382 1150 506 1189 cum
563 1149 663 1188 nec
699 1149 732 1186 a
768 1132 842 1187 D.
882 1129 1166 1191 Heraclio,
1221 1147 1321 1186 nec
1358 1148 1391 1184 a
1428 1130 1622 1200 quovis
1660 1129 1777 1185 alio'
1812 1130 1909 1186 hac
1936 1130 2003 1184 de
2033 1148 2089 1184 re

195 1213 402 1271 certior
445 1213 623 1268 factus
660 1212 886 1276 fuerim,
939 1211 1086 1282 quod
1130 1210 1219 1266 bic
1256 1210 1381 1266 ideo
1417 1211 1475 1264 in
1513 1209 1781 1280 principio
1818 1211 2097 1266 insinuare

200 1293 372 1350 volui.
445 1292 724 1354 Secundo,
787 1291 1080 1346 admodum
1132 1290 1265 1345 mihi
1315 1290 1584 1345 satisfecit
1631 1291 1773 1344 tanti
1812 1291 1916 1345 viri
1951 1290 2098 1361 judi·

197 1375 350 1430 cium
389 1371 456 1428 de
494 1389 613 1426 mea
651 1371 920 1426 medicina
957 1370 1229 1442 corporis,
1290 1386 1412 1426 cum
1451 1369 1707 1441 permulti
1753 1388 1782 1424 e
1827 1371 2100 1426 contrario

199 1454 524 1512 indicarunt
566 1469 652 1506 me
692 1451 886 1507 melius
921 1451 1144 1516 fecisse,
1187 1468 1245 1504 se
1282 1450 1449 1506 hocce
1486 1450 1749 1520 scriptum
1788 1450 2106 1505 nullatenus

205 1533 430 1608 publico
479 1531 997 1594 communicassem:
1047 1535 1214 1602 prout
1264 1548 1381 1592 me,
1434 1530 1553 1600 ejus
1587 1531 1976 1600 praestantiam
2027 1533 2107 1586 ita

203 1618 542 1684 compertam
599 1611 804 1676 habeo,
873 1615 940 1666 ut
997 1610 1066 1663 de
1113 1609 1270 1664 nullo
1322 1608 1504 1664 morbo
1552 1609 1751 1670 sciam,
1818 1615 2108 1682 postquam

202 1695 410 1754 haecce
475 1694 698 1746 secutus
751 1692 1091 1763 (quanquam
1132 1689 1221 1744 hic
1258 1688 1501 1744 locorum
1542 1705 1764 1758 magnos
1802 1708 1910 1744 non
1948 1709 2109 1762 saepe

205 1790 470 1831 excessus
523 1774 716 1828 contra
752 1770 1042 1826 sanitatem
1081 1769 1501 1838 committimus)
1540 1772 1596 1823 et
1630 1767 1774 1823 idem
1813 1770 1963 1841 alijs,
2016 1773 2112 1827 im-

213 1854 407 1928 primis
452 1852 558 1907 tibi
607 1869 673 1905 ex
723 1852 908 1907 animo
949 1854 1102 1922 opto·
1177 1851 1389 1918 Tertio,
1446 1868 1552 1921 quo
1589 1850 1657 1904 ad
1699 1868 1874 1905 meum
1912 1857 2113 1907 tracta-

211 1940 366 1997 tum,
408 1950 567 2006 quem
611 1932 912 1987 medicinae
951 1932 1149 1985 mentis
1175 1931 1395 1987 nomine
1424 1930 1719 2003 insignivi,
1760 1931 1955 1985 dubito
1982 1950 2113 1987 num

215 2013 370 2071 brevi
425 2018 668 2083 tempore
725 2029 879 2065 mens
936 2029 1055 2066 mea
1111 2028 1323 2081 semper
1372 2014 1517 2064 recte
1579 2015 1928 2081 assequetur,
1988 2014 2118 2084 quia

215 2096 278 2152 in
328 2093 530 2163 exiguo
566 2095 809 2147 tractatu
847 2090 1084 2162 plurima
1123 2108 1295 2150 nova.
1344 2089 1519 2145 veluti
1568 2090 1685 2161 ipse
1724 2089 2003 2161 perhibes,
2064 2098 2121 2148 et

216 2190 384 2244 saepe
441 2171 576 2227 talia
625 2176 956 2233 occurrunt,
1016 2188 1158 2243 quae
1207 2190 1320 2227 non
1371 2173 1627 2227 videntur
1664 2172 1779 2227 ulla
1816 2174 2122 2229 attentione

215 2254 422 2325 digna,
474 2268 600 2307 cum
655 2256 839 2305 tamen
889 2250 1022 2305 haec
1060 2251 1329 2321 imprimis
1366 2270 1577 2307 omnem
1616 2252 1973 2306 attentionem
2016 2272 2124 2307 me·

221 2338 450 2395 matur:
492 2337 826 2404 quapropter
861 2348 931 2387 ex
968 2330 1221 2402 pluribus
1256 2331 1658 2403 objectionibus
1697 2330 1959 2387 hactenus
1995 2334 2127 2389 mihi

224 2414 420 2475 saetis,
482 2412 725 2466 addidici
764 2430 793 2465 e
831 2429 888 2466 re
935 2412 1080 2474 fore,
1140 2416 1204 2465 ut
1242 2412 1574 2483 perplurima
1612 2412 1666 2466 in
1708 2428 1849 2465 nova
1886 2412 2127 2469 editione

223 2492 520 2565 adjiciam:
579 2497 743 2563 prout
787 2492 1055 2563 imprimis
1108 2491 1499 2563 praefationem
1536 2490 1685 2565 operi
1723 2491 1981 2561 adjunxi,
2033 2494 2129 2551 ubi

233 2575 412 2633 multa
457 2575 603 2629 scitu
657 2574 964 2630 necessaria
1011 2576 1233 2637 extant,
1292 2579 1349 2628 et
1398 2571 1665 2643 imprimis
1713 2590 1910 2644 scopus
1979 2593 2129 2633 meus

231 2654 528 2731 primarius
567 2653 978 2716 manifestatum
1020 2652 1225 2709 ibidem
1261 2653 1392 2725 quia
1416 2652 1701 2708 observavi
1730 2670 1795 2707 ea
1820 2671 1959 2725 quae
1986 2656 2131 2713 circa

236 2735 520 2793 criterium
577 2732 828 2787 veritatis
864 2751 897 2789 a
937 2750 1018 2787 me
1055 2734 1353 2789 traduntur
1390 2751 1423 2788 a
1460 2733 1652 2803 paucis
1690 2739 1837 2789 recte
1879 2737 2128 2808 assequi.

237 2816 374 2889 quia
413 2812 639 2867 multam
682 2811 1086 2866 meditationem
1126 2813 1448 2883 requirunt,
1502 2812 1685 2866 eadem
1727 2811 1876 2868 brevi
1914 2817 2135 2887 synopsi

245 2893 448 2953 inclusi
505 2895 560 2946 et
607 2891 782 2963 primo
833 2890 1074 2945 membro
1123 2910 1273 2946 meae
1324 2892 1691 2963 responsionis
1734 2891 1970 2953 inserui.
2031 2913 2139 2967 quo

251 2974 468 3031 facilius
537 2988 688 3025 mens
757 2988 874 3025 mea
937 2977 1295 3043 assequatur,
1372 2977 1427 3026 et
1494 2974 1573 3027 sio
1648 2971 1707 3026 in
1775 2972 1938 3042 vai-ijs
2006 2974 2141 3031 locis

251 3056 432 3111 varias
469 3056 525 3107 et
562 3052 896 3108 necessarias
931 3051 1335 3109 admonitiones
1381 3051 1705 3116 interserui,
1745 3055 1811 3106 ut
1846 3058 1902 3106 et
1932 3071 2143 3111 crassos

1832 3135 1945 3191 22*
