2432 3554
1051 183 1172 242 307

168 348 318 420 quasi
347 366 453 402 nou
479 349 595 420 ipse
619 347 999 403 commercium
1019 346 1158 403 illud
1186 347 1561 418 epistolarium
1582 363 1704 402 cum
1732 348 2055 422 philosopho

163 429 270 500 jam
327 429 627 492 habuisset,
677 433 733 482 et
791 433 1046 501 tanquam
1108 426 1174 480 de
1232 430 1454 482 omnino
1512 428 1615 483 sibi
1674 429 1864 500 ignoto
1903 432 2053 496 viro,

168 509 425 579 magistro
495 525 597 562 suo
668 507 959 563 Thomasio
1023 509 1327 562 scribebat:
1428 508 1735 581 ‚,Spinosa,
1805 512 2055 568 Judaeus

165 587 646 666 ἀποσυνάγωγος
661 630 674 650 ,
733 589 792 642 ob
845 589 1127 658 opinionum
1162 592 1384 643 monstra
1402 631 1415 652 ,
1472 593 1533 643 ut
1574 591 1700 643 mihi
1734 607 1797 646 ea·
1831 591 2059 646 Batavis

161 670 442 733 scr-ibicum
479 674 715 724 ceterum
756 668 915 722 homo
940 671 1086 723 omni
1114 669 1403 724 literatura
1428 669 1682 725 excultus
1708 676 1763 726 et
1790 672 2055 743 imprimis

163 748 396 819 insignis
426 749 673 818 opticus,
716 748 1112 818 praeclarorum
1151 749 1441 804 admodum
1464 751 1719 806 tuborum
1743 752 2055 809 laborator”

164 828 360 898 (Epist.
403 830 478 882 ad
510 829 640 882 Dio.
683 827 797 884 ΙΙΙ.
831 845 883 899 p.
927 829 1038 897 63).
1075 828 1269 902 Neque
1306 835 1496 902 postea
1533 831 1602 885 de
1641 834 1895 887 monstris
1934 834 2059 889 istis

163 910 478 979 opinionum
535 908 593 962 in
650 908 870 979 scriptis
907 908 1024 962 suis
1061 910 1263 980 majore
1301 913 1487 965 favore
1526 909 1743 966 locutus
1780 917 1892 975 est,
1954 914 2057 969 etsi

163 988 270 1055 (uti
327 988 384 1043 in
425 988 672 1060 sequenti
711 988 738 1060 ᾖ
775 987 1030 1060 pluribus
1067 988 1403 1059 videbimus)
1441 1007 1586 1044 anno
1626 991 1761 1049 1675
1800 993 2057 1049 Tschirn-

167 1067 354 1122 hausio
399 1086 498 1122 suo
538 1069 767 1124 Parisiis
811 1068 1028 1124 dicebat
1073 1086 1129 1122 se
1152 1070 1449 1124 Tractatum
1473 1071 2055 1142 Theoloyico·politicum

167 1148 344 1219 magni
404 1148 601 1202 habere
638 1148 823 1219 pretii.
899 1148 1066 1208 Quod
1105 1166 1235 1203 vero
1274 1167 1307 1203 a
1342 1149 1410 1206 cl.
1447 1149 1624 1204 Paulo
1654 1151 1767 1221 jam
1808 1153 2059 1209 observa·

163 1233 274 1282 tum
334 1233 450 1293 est,
516 1230 694 1292 „satis
751 1227 854 1283 sibi
893 1228 1195 1283 cavendum
1229 1228 1505 1299 judicavit
1540 1230 1627 1284 vir
1662 1230 1930 1296 illustris,
1990 1251 2059 1287 ne

164 1309 392 1362 multum
434 1325 558 1363 cum
591 1308 690 1362 illo
713 1307 954 1371 Judae0,
995 1310 1107 1364 imo
1131 1309 1349 1370 Atheo,
1391 1310 1821 1364 communicasse
1846 1311 2056 1366 videre-

163 1388 314 1452 tur'’‚
374 1389 517 1443 idem
575 1406 608 1442 a
665 1406 860 1460 magno
914 1387 1216 1443 Leibnitzii
1276 1409 1304 1442 e
1342 1388 1518 1443 Gallis
1558 1390 1769 1443 fautore
1808 1390 2060 1446 Foucher

161 1467 224 1522 de
279 1467 460 1523 Car-eil
519 1468 594 1526 (in
652 1466 916 1538 opusculo
972 1466 1285 1536 Rbfutatt'on
1341 1467 1534 1523 inedito
1588 1471 1652 1524 de
1699 1470 1923 1540 Spinoza
1948 1489 2058 1542 par

164 1549 428 1612 ῑσίὂκίιις
475 1547 666 1611 Paris,
709 1549 884 1610 1854,
923 1565 1044 1618 pag.
1081 1547 1309 1616 LXIII)
1346 1548 1832 1604 animadvertitur:
1891 1550 2057 1622 „Spi-

162 1645 296 1682 noza
349 1627 486 1682 etait
535 1643 606 1681 au
644 1627 844 1683 XVIIe
891 1627 1056 1682 siecle
1094 1643 1168 1680 un
1205 1626 1527 1698 philosophe
1564 1635 2055 1700 compromettant,

161 1714 212 1762 et
267 1707 458 1764 c’etait
503 1708 628 1780 deja
684 1726 822 1781 pour
878 1708 1162 1779 beaucoup
1201 1707 1317 1760 &tre
1357 1711 1576 1779 suspect
1614 1725 1719 1781 que
1756 1708 1823 1762 de
1862 1709 2055 1765 l'avoir

161 1790 374 1849 visite?
442 1790 566 1845 Hoc
620 1808 750 1846 vero
805 1808 901 1861 per
956 1788 1214 1861 Aug-liam
1276 1788 1740 1861 Hollandiamque
1787 1808 1815 1844 e
1874 1790 2055 1846 Gallia

161 1872 474 1926 redeuntem
514 1870 889 1925 Leibnitzium
929 1871 1124 1925 fecisse
1162 1884 1231 1921 ex
1267 1868 1502 1939 epistola
1539 1862 1763 1939 ejus‘ad
1802 1870 2054 1925 abbatem

157 1951 382 2022 Galloys
419 1951 698 2020 cognitum
739 1955 853 2014 est,
893 1950 988 2005 ubi
1031 1950 1293 2021 legimus:
1349 1950 1445 2021 „je
1486 1949 1574 2005 l'ai
1616 1968 1688 2004 vu
1727 1968 1795 2004 en
1833 1955 2057 2021 pussant

157 2046 250 2101 par
288 2032 342 2086 la
379 2030 657 2086 Hollande
695 2035 752 2085 et
771 2032 838 2101 je
873 2031 962 2101 luy
995 2047 1064 2100 ay
1089 2028 1252 2099 pap-16
1275 2032 1540 2100 plusieurs
1560 2032 1683 2103 sois
1718 2036 1772 2085 et
1801 2033 1917 2098 fort
1940 2033 2055 2103 lonq

155 2114 326 2181 temps.
393 2111 445 2166 Il
483 2128 515 2164 a
553 2127 661 2163 une
697 2112 924 2181 strange
952 2108 1365 2181 metaphysique
1402 2110 1584 2182 pleine
1610 2111 1676 2164 de
1696 2111 2055 2183 paradoxes.”

157 2192 238 2245 Ne
293 2208 427 2245 vero
475 2192 533 2247 in
571 2190 768 2245 malam
808 2194 1014 2261 partem
1054 2188 1195 2244 illud
1236 2206 1360 2243 cum
1400 2192 1636 2261 Spinoza
1672 2194 2053 2248 commercium

157 2271 343 2343 Hagae
381 2271 657 2327 Comitum
697 2269 800 2325 sibi
843 2270 1164 2331 haberetur,
1205 2273 1296 2326 ubi
1325 2274 1383 2327 in
1411 2274 1698 2328 Pheodicea
1723 2292 1822 2328 sua
1848 2274 1901 2346 (ᾗ
1922 2273 2053 2345 376)

157 2356 342 2405 narrat
398 2368 454 2406 se
509 2368 632 2406 eum
690 2351 977 2416 visitasse,
1055 2352 1263 2406 nomini
1322 2354 1445 2424 ejus
1504 2354 1787 2425 scriptoris
1842 2354 2055 2424 politici

156 2430 216 2485 P.
258 2430 326 2485 de
365 2430 419 2484 la
457 2431 630 2487 court
669 2448 862 2483 nomen
901 2429 1196 2501 adjungit,
1252 2437 1310 2486 et
1345 2435 1500 2505 quasi
1539 2433 1607 2487 de
1655 2434 1896 2505 politicis
1938 2438 2055 2489 tan-

157 2516 267 2566 tum
310 2513 454 2566 inter
488 2510 637 2581 ipsos
676 2527 852 2564 sermo
887 2510 1118 2570 fuisset.
1160 2511 1329 2567 dicit:
1373 2512 1473 2583 ,.je
1500 2514 1583 2567 vis
1611 2514 1689 2570 M.
1714 2515 1782 2567 de
1808 2512 1861 2567 la
1882 2514 2056 2569 Court

159 2591 302 2646 aussi
343 2590 466 2645 bien
505 2608 610 2662 que
648 2589 882 2661 Spinoza
917 2594 952 2643 a
990 2606 1116 2643 mon
1153 2595 1342 2646 retour
1374 2592 1441 2646 de
1465 2594 1707 2657 Franco,
1748 2597 1803 2647 et
1823 2594 2055 2664 j'appris

162 2669 320 2725 d’eux
346 2669 607 2742 quelques
635 2668 771 2723 bons
797 2668 1089 2725 anecdotes
1117 2689 1210 2727 sut
1239 2672 1316 2727 les
1342 2673 1555 2728 affaires
1578 2673 1644 2727 de
1664 2690 1725 2728 ce
1747 2674 2054 2744 temps-ci,”

160 2750 288 2810 Qua
342 2749 410 2803 de
466 2767 522 2803 re
579 2752 635 2803 et
684 2749 1078 2819 supra-citatus
1113 2750 1397 2806 Foucher:
1462 2750 1799 2816 ,‚Leibnitz''
1836 2752 2051 2824 inquit.

167 2830 459 2901 „toujours
515 2828 782 2900 prudent,
840 2827 1182 2898 quelquefois
1240 2830 1411 2885 meme
1471 2848 1544 2884 un
1584 2849 1687 2901 peu
1726 2831 2053 2903 diplomate,

165 2911 341 2965 savait
396 2911 604 2963 donner
658 2925 768 2965 aux
823 2908 1014 2963 choses
1056 2928 1129 2963 un
1167 2916 1295 2966 tour
1332 2914 1407 2968 fin
1446 2912 1643 2985 auquel
1684 2930 1754 2967 on
1799 2931 1854 2967 se
1894 2913 2055 2970 laisse

169 2989 426 3059 prendre:
486 3018 559 3029 --
601 2988 645 3043 si
684 2988 795 3043 l'on
833 2987 972 3043 croit
1009 3006 1116 3060 que
1153 2990 1465 3046 l’entret-ien
1504 3011 1573 3047 ne
1610 2993 1697 3047 fut
1733 2992 2056 3065 qu'anecdo-

167 3071 317 3144 tique
372 3075 426 3126 et
480 3069 750 3142 plaisant,
811 3087 881 3125 on
939 3088 997 3125 se
1051 3072 1321 3143 trompe.'’
1379 3071 1753 3129 Leibnitzium
1790 3091 1920 3129 vero
1958 3092 2059 3133 nee

1776 3161 1882 3216 20*
