2432 3554
1295 147 1410 206 108

407 303 604 368 nendi,
644 304 761 360 sive
796 307 885 373 (ut
922 304 1018 362 alii
1056 305 1272 372 dicunt)
1307 323 1393 361 res
1430 307 1786 364 conservandi
1823 307 2022 380 quibus
2040 308 2150 380 jam
2173 310 2272 362 fru-

405 381 550 439 imur
581 385 659 454 1);
696 389 904 440 cei-tum
942 390 1027 441 est
1060 386 1119 440 in
1157 387 1374 441 nemine
1409 385 1562 441 illam
1601 391 1867 458 repertam
1906 385 1976 444 iri
2016 405 2114 444 nec
2137 387 2272 443 nasci

405 481 565 536 posse
624 463 732 520 nisi
768 465 943 520 forma
981 465 1123 522 boni.
1194 465 1287 520 Ita
1325 469 1386 522 ut
1423 470 1641 537 pateat,
1698 466 2057 538 cupiditatem
2092 468 2196 537 (uti
2227 471 2278 522 et

404 561 644 600 amorem
661 587 677 610 ,
713 545 781 600 de
817 561 925 617 quo
961 542 1125 600 antea
1148 544 1358 600 dictum
1385 548 1496 614 est)
1519 563 1550 599 e
1575 546 1756 617 priore
1780 545 2110 618 cognitionis
2131 545 2278 600 modo

402 624 559 679 oriri.
622 623 803 680 Homo
856 623 1003 679 enim
1058 624 1125 679 de
1177 642 1238 678 re
1287 624 1517 698 quadam
1557 625 1786 680 audiens
1824 625 1967 696 quod
2005 624 2146 681 bona
2181 626 2272 686 sit,

400 706 710 778 appetitum
748 705 805 761 in
843 723 960 760 eam
999 705 1371 768 nanciscitur;
1411 705 1495 762 uti
1527 709 1683 776 patet
1717 705 1777 761 in
1813 709 2159 778 aegrotante,
2190 705 2280 778 ‘qui
2376 701 2377 720 ¹

402 789 523 842 solo
575 787 770 844 auditu
808 786 1035 851 medici,
1093 787 1204 843 tale
1239 783 1514 859 quoddam
1551 783 1846 840 remedium
1885 785 2028 841 malo
2065 803 2164 840 sno
2199 784 2282 840 bo·
2375 805 2377 860 g

405 884 536 922 num
592 885 741 933 esse,
800 866 952 923 illico
1005 867 1065 923 in
1099 867 1242 923 illud
1278 865 1512 923 inclinat
1545 869 1604 922 et
1639 866 1944 939 cupiditate
1978 868 2098 939 ejus
2135 868 2283 924 affici·
2376 887 2377 892 ¹

402 950 515 1004 tur.
592 946 882 1019 Cupiditas
930 947 1095 1004 etiam
1130 965 1201 1003 ex
1238 948 1573 1018 experientia
1609 949 1814 1012 oritur,
1860 947 1940 1003 nti
1979 948 2199 1004 videtur
2231 951 2282 1002 in

406 1028 737 1084 medicorum
774 1029 1199 1096 exercitatione,
1255 1029 1377 1102 qui,
1442 1027 1740 1083 remedium
1777 1027 2048 1100 quoddam
2085 1028 2282 1102 aliquo·

403 1109 509 1163 ties
546 1107 747 1164 bonum
775 1109 1015 1180 experti,
1056 1109 1115 1165 in
1142 1107 1318 1174 illud,
1357 1111 1619 1180 tanquam
1646 1105 1938 1163 infallibile
1962 1109 2284 1181 perfugiunt.

401 1579 411 1588 0
476 1507 676 1562 Omnia
711 1523 850 1579 quae
880 1507 996 1578 jam
1032 1503 1101 1560 de
1127 1505 1276 1562 bisce
1301 1503 1648 1578 passionibus
1673 1503 1942 1570 diximus,
1983 1505 2068 1561 uti
2093 1506 2282 1578 cuique

402 1593 585 1662 patet,
649 1587 717 1642 de
754 1577 879 1643 aliis
916 1587 1262 1660 passionibus
1299 1587 1463 1642 etiam
1502 1585 1612 1642 dici
1651 1589 1880 1659 queunt.
1958 1585 2032 1641 Et
2067 1585 2200 1658 quia
2232 1585 2281 1640 in

403 1667 759 1740 sequentibus
806 1666 1142 1739 inquiremus
1191 1681 1460 1738 quaenam
1497 1681 1683 1720 earum
1721 1664 1879 1721 nobis
1914 1663 2280 1723 irrationales,

396 1766 665 1824 quaenam
702 1767 733 1805 e
769 1749 1044 1806 contrario
1081 1745 1375 1804 rationales
1414 1747 1558 1813 sint,
1619 1745 1708 1804 hic
1736 1747 1854 1819 jam
1891 1746 2280 1807 consistamus,

401 1833 564 1887 finem
599 1830 863 1886 facientes
897 1846 1083 1885 earum
1120 1846 1260 1903 quae
1297 1846 1366 1885 ex
1401 1827 1658 1901 opinione
1696 1830 1969 1891 oriuntur,

461 2226 507 2285 1)
540 2223 672 2271 Prior
701 2223 901 2272 definitio
932 2223 1131 2285 optimu
1177 2222 1358 2282 quando
1388 2222 1508 2271 enim
1541 2236 1591 2269 re
1622 2220 1836 2279 fruimur,
1885 2218 2110 2281 cupiditas
2143 2226 2291 2266 nostra

393 2294 559 2343 desinit
570 2312 585 2353 3
616 2300 664 2342 et
692 2308 807 2355 quae
838 2300 947 2343 tuno
978 2293 1026 2343 in
1058 2292 1189 2343 nobis
1221 2298 1293 2341 est
1323 2293 1472 2341 forma
1501 2307 1594 2341 rem
1625 2290 1920 2341 conservandi
1949 2304 2044 2339 non
2075 2289 2292 2353 cupidita·

393 2366 471 2414 sed
502 2374 646 2413 metus
678 2370 747 2414 est
779 2380 870 2413 rem
902 2371 1095 2413 amatam
1126 2362 1395 2423 amittendi.-

2379 1776 2381 1813 1
