2432 3554
1297 162 1412 222 128

398 329 479 384 ita
514 325 727 399 agendo
762 325 883 398 ejus
920 325 1254 398 perfectione
1292 340 1392 380 nos
1431 325 1802 398 privaremus3
1853 343 1978 382 cum
2014 344 2042 381 e
2075 329 2270 382 eontra-
2375 343 2377 348 ·

403 409 486 463 rio
523 406 743 480 quando
778 404 988 477 aliquid
1027 404 1309 474 volumus,
1353 425 1550 467 conare
1577 407 1837 466 debemus
1863 409 2044 464 omnia
2063 426 2187 480 quae
2207 407 2272 464 de

401 491 600 543 natura
634 486 917 558 cupimus,
960 484 1075 540 sive
1113 485 1272 544 nobis
1294 532 1309 554 ,
1351 491 1468 548 sive
1505 487 1668 546 rebus
1705 489 1840 560 ipsis
1875 489 1935 546 in
1963 487 2152 544 melius
2167 505 2273 544 mn·

404 573 539 623 tare.
612 567 686 622 Et
722 567 852 639 quia
889 581 1076 620 eorum
1096 606 1111 628 ,
1152 583 1292 638 quae
1329 575 1460 628 aute
1496 568 1689 628 oculos
1723 567 1982 626 habemus
2018 567 2276 639 cognosci·
2377 581 2379 610 ²

402 665 657 720 musque,
720 644 881 700 homo
917 644 1191 716 perfectus
1229 649 1386 706 nobis
1423 649 1664 722 optimus
1701 651 1814 712 est,
1855 649 2152 720 cuicunque
2189 648 2277 702 ho·

404 727 539 783 mini
576 726 843 798 optimum
880 727 992 787 est,
1038 727 1099 778 ut
1136 743 1260 782 eum
1299 730 1369 785 ad
1395 730 1536 786 hanc
1561 729 1947 802 perfectionem
1973 726 2278 788 educemus*-

404 811 539 862 tunc
594 805 740 860 enim
778 803 847 858 ab
884 802 986 868 iis,
1044 803 1127 859 uti
1164 803 1251 860 illi
1287 826 1321 864 a
1357 808 1545 874 nobis,
1598 802 1896 864 maximum
1932 807 2159 863 fructum
2194 805 2282 862 haf-

410 889 534 944 bere
570 901 877 958 possumne.
931 884 1022 940 Ad
1061 887 1207 958 quod
1243 888 1506 946 conducit
1542 905 1636 944 eos
1672 887 1937 942 continuo
1962 887 2043 944 ite
2063 889 2284 942 tractare

408 969 491 1025 uti
546 984 578 1021 a
632 965 776 1021 bona
830 965 1165 1021 conscientia
1222 974 1410 1024 nostra
1464 983 1674 1038 semper
1723 965 2013 1022 edocemur
2047 967 2288 1022 admone·

408 1063 667 1118 murque;
708 1044 839 1118 quia
875 1044 1008 1101 haec
1044 1064 1324 1119 nunquam
1363 1045 1434 1102 ad
1467 1045 1760 1117 perniciem
1789 1050 2050 1110 nostram,
2091 1061 2285 1116 semper

409 1130 594 1182 autem
632 1124 701 1179 ad
740 1123 971 1180 salutem
1009 1123 1488 1200 valetudinemque
1526 1124 1752 1180 excitat.

482 1521 675 1576 Finem
720 1519 949 1576 facimus
986 1517 1222 1576 dicendo
1259 1520 1446 1576 odium
1483 1519 1932 1592 eversionemque
1967 1520 2028 1576 iu
2069 1537 2124 1574 se
2168 1519 2292 1590 ipsis

417 1606 503 1656 tot
558 1600 992 1670 imperfectiones
1029 1598 1261 1666 habere,
1319 1604 1454 1673 quot
1489 1619 1520 1654 e
1557 1601 1832 1656 contrario
1869 1616 2018 1654 amor
2055 1597 2292 1669 perfecti·

416 1699 549 1736 ones
588 1678 817 1748 habeat,
859 1678 987 1750 quia
1024 1683 1331 1750 postremus
1369 1697 1578 1752 semper
1614 1681 1684 1736 ad
1723 1679 2076 1736 mutationem
2113 1679 2172 1742 in,
2195 1696 2294 1734 me-

417 1760 557 1821 lius,
598 1759 1091 1817 corroborationem
1131 1764 1187 1815 et
1224 1760 1728 1832 augmentationem
1775 1757 1986 1823 tendit,
2026 1776 2164 1831 quae
2185 1773 2292 1830 per-

2383 1442 2386 1534 A

416 1844 581 1898 sectio
618 1846 733 1903 est,
795 1840 1086 1913 odiumque
1126 1860 1156 1896 e
1193 1840 1469 1898 contrario
1506 1858 1714 1911 semper
1752 1841 1810 1895 in
1847 1838 2293 1902 destructionem,
2386 1852 2387 1865 ¹

421 1922 857 2059 debiilitationem
912 1925 968 1976 et
1004 1920 1468 1978 annihilationem
1507 1921 1692 1986 ducit,
1755 1938 1895 1992 quae
1935 1922 2020 1975 eet
2055 1920 2175 1989 ipsa
2209 1919 2297 1974 im·

422 2020 517 2076 per
540 2004 701 2061 cotie.

1002 2350 1252 2407 CAPUT
1301 2348 1719 2407 SEPTIMUM.

913 2542 991 2581 nn
1024 2541 1381 2583 commum
1419 2543 1490 2582 m·
1526 2542 1814 2585 mmmm.

493 2707 632 2761 Cum
671 2704 965 2761 viderimus
1000 2703 1187 2760 odium
1227 2708 1284 2759 et
1319 2709 1652 2764 aversionem
1682 2706 1792 2761 tale
1817 2705 1948 2779 quid
1974 2722 2122 2769 esse,
2165 2704 2301 2780 quod

422 2790 479 2844 in
534 2788 605 2843 iis
655 2804 930 2859 nunquam
986 2786 1166 2843 locum
1225 2786 1421 2843 habere
1477 2787 1678 2860 possit,
1735 2787 1830 2859 qui
1885 2784 2176 2841 intellectu
2217 2803 2302 2843 suo

420 2872 569 2925 recte
623 2870 879 2930 utantur,
942 2866 1132 2922 eadem
1181 2867 1394 2922 ratione
1431 2871 1812 2941 persequentes
1849 2867 1915 2921 de
1953 2866 2148 2923 ceteris
2195 2885 2302 2939 pas·

426 2950 673 3007 sionibus
723 2966 972 3021 agemus;
1034 2953 1091 3005 et
1148 2951 1211 3005 ut
1265 2949 1484 3007 initium
1543 2949 1828 3015 faciamus,
1889 2948 2092 3021 primae
2145 2951 2303 3007 erunt
