2432 3554
1081 152 1198 212 345

196 309 536 380 superanda,
595 327 734 382 opus
789 330 906 368 esse
951 313 1141 379 video,
1201 315 1441 387 haecque
1477 321 1741 389 quantum
1782 316 2083 387 praeceptis

195 388 538 460 generalibus
576 391 692 446 fieri
730 397 946 460 potest,
987 403 1218 450 conatus
1254 397 1335 449 fui
1374 395 1679 468 explicare;
1732 413 1842 450 non
1878 395 2039 450 video
2062 439 2077 460 ,

194 489 361 544 quare
409 471 618 542 aliquid
666 474 990 545 impervium
1009 519 1024 540 ,
1083 473 1485 546 inexploratum
1539 477 1598 531 in
1653 481 1930 547 posterum
1976 476 2082 531 erit

194 551 292 622 ijs,
333 551 427 622 qui
465 551 613 606 hisce
653 554 842 608 stricte
880 555 1273 610 adhaerebunt.

267 631 470 696 „Adeo
525 637 586 686 ut
617 633 748 702 jam.
769 635 1109 705 magneti3,”
1159 641 1266 690 etc.
1344 633 1485 689 Sane
1522 636 1614 706 qui
1655 639 1834 690 tecum
1872 635 2079 706 specia-

193 709 270 766 lia
319 710 514 765 volunt
551 713 774 783 aggredi
813 713 1126 785 priusquam
1165 714 1339 769 multo
1376 715 1487 769 alia
1510 715 1569 770 in
1592 713 1843 786 Physicis
1868 716 2085 770 detecta

193 791 340 854 sint,
379 789 492 845 illis
531 797 712 846 tecum
744 792 936 862 judico
973 797 1159 864 (prout
1188 793 1307 864 jam
1344 811 1558 866 quoque
1594 795 1897 863 insinuavi)
1936 811 2081 848 sum-

191 887 336 925 mam
367 869 684 926 adorturam
721 871 1130 934 difficultatem;
1179 873 1275 928 sed
1314 873 1417 928 hoc
1454 875 1519 944 ijs
1558 891 1667 929 non
1704 874 1946 938 accidet,
1988 873 2083 945 qui

189 967 254 1004 ea
309 949 604 1005 observant
645 969 782 1022 quae
821 952 980 1007 modo
1015 953 1275 1008 indicavi.
1348 953 1491 1008 Nam
1538 955 1715 1025 quoad
1761 954 2071 1016 succinum,

190 1029 236 1084 si
293 1029 418 1100 quis
474 1030 620 1084 circa
667 1032 945 1101 generalia
981 1033 1229 1103 physices
1265 1033 1713 1087 determinaverit
1749 1034 1982 1104 primum
2020 1033 2079 1088 in

187 1109 523 1182 quibuslibet
592 1112 704 1165 fere
769 1114 1088 1184 corporibus
1136 1111 1256 1167 dari
1316 1113 1747 1183 atmosphaeram
1806 1110 2081 1167 certorum

187 1190 556 1252 effluviorum,
617 1191 762 1261 quod
818 1193 864 1246 si
921 1210 1148 1264 corpora
1202 1192 1335 1246 haec
1384 1192 1651 1247 fricentur
1698 1191 1831 1247 haec
1866 1191 2083 1246 effluvia

185 1269 535 1326 concitatiori
574 1275 726 1324 motu
761 1271 1071 1342 agitantur;
1133 1274 1266 1330 item
1303 1291 1441 1345 quae
1480 1273 1786 1328 differentia
1825 1273 1969 1327 inter
2004 1273 2080 1327 ef-

181 1349 360 1406 fluvia
407 1364 692 1419 corporum
749 1350 1010 1406 durorum
1065 1360 1123 1406 et
1175 1351 1575 1424 pellucidorum
1632 1356 1689 1407 et
1732 1353 1934 1408 similia
1970 1352 2081 1407 alia

182 1427 494 1502 generalia
543 1427 672 1484 hinc
707 1433 966 1486 attractio
1005 1433 1214 1488 succini
1252 1433 1451 1488 deinde
1488 1450 1597 1486 non
1632 1432 1871 1488 difficilis
1908 1431 2079 1504 expli·

181 1515 314 1566 catu
365 1509 500 1572 erit,
555 1509 650 1562 sed
687 1509 958 1578 ejusmodi
997 1512 1259 1580 specialia
1294 1530 1403 1568 non
1442 1529 1690 1582 magnam
1730 1512 1933 1567 habent
1972 1512 2079 1567 uti-

149 1627 154 1657 ·.
182 1589 420 1647 litatem.
475 1589 682 1644 Eadem
723 1589 934 1644 ratione
972 1589 1271 1662 aliquando
1306 1595 1369 1648 in
1405 1592 1707 1663 praeceptis
1744 1591 2077 1663 specialiori-

181 1670 286 1726 bus
323 1668 459 1723 artis
496 1667 816 1724 inveniendi
853 1685 964 1726 non
1003 1671 1188 1725 omnia
1224 1671 1577 1742 particularia
1612 1670 1897 1742 explicabo
1949 1670 2077 1739 (hoc

180 1750 331 1807 enim
368 1747 768 1819 impossibile),
807 1749 904 1805 sed
941 1749 1085 1805 viam
1123 1769 1187 1805 eo
1226 1751 1578 1823 perveniendi
1615 1751 1926 1813 ostendam;
1986 1768 2076 1821 ge·

179 1828 394 1887 ner-alia
448 1834 632 1883 autem
669 1830 888 1895 omnia,
945 1831 1146 1902 quibus
1182 1833 1329 1889 datis
1366 1836 1579 1888 caetera
1616 1831 1799 1885 omnia
1834 1832 2075 1886 innotes-

177 1917 346 1973 cent.
390 1909 676 1967 exhibebo,
713 1910 804 1965 Sic
843 1930 888 1967 e.
913 1928 966 1981 g.
992 1912 1050 1966 in
1088 1916 1340 1983 magnete
1376 1912 1687 1973 ostendam,
1729 1928 1837 1982 qua
1863 1911 2073 1965 ratione

179 1990 553 2063 experientiae
617 1991 992 2047 instituendae
1013 2032 1028 2055 ,
1097 1994 1160 2047 ut
1222 1990 1341 2061 ejus
1396 1996 1593 2045 natura
1646 1990 2069 2053 determinetur;

178 2072 328 2128 unde
366 2070 644 2127 constabit
679 2070 826 2142 quod
865 2071 1225 2141 proprietates
1272 2070 1391 2141 ejus
1427 2069 1686 2125 facillime
1722 2074 1947 2141 possent
1982 2088 2073 2124 ex-

176 2154 408 2227 plicari,
467 2150 514 2207 si
571 2150 850 2221 generalia
903 2151 1049 2207 circa
1103 2152 1473 2222 cognitionem
1520 2148 1863 2203 metallorum
1900 2150 2075 2219 primo

175 2230 710 2293 determinarentur:
771 2230 970 2285 deinde
1009 2230 1056 2285 si
1093 2230 1464 2301 experimenta
1501 2234 1722 2300 possent
1758 2228 1873 2285 fieri
1910 2247 2075 2300 prope

173 2311 368 2385 polum
405 2327 530 2365 eum
571 2314 823 2381 magnete
859 2328 1000 2381 quae
1035 2328 1104 2364 ex
1141 2310 1331 2365 eodem
1371 2310 1490 2364 loco
1515 2309 1739 2373 effossa,
1780 2309 1944 2379 hujus
1970 2308 2076 2364 loci

174 2390 512 2449 constitutio
569 2389 736 2461 probe
771 2390 1172 2445 consideranda
1202 2391 1369 2461 juxta
1405 2390 1550 2461 leges
1590 2388 1759 2445 bonae
1797 2390 2070 2451 methodi:

173 2488 342 2545 porro
391 2470 654 2525 deberent
707 2470 818 2525 duo
879 2470 1004 2527 loca
1057 2469 1407 2525 determinari
1447 2486 1541 2540 per
1577 2474 1753 2525 certas
1790 2470 2070 2541 experien-

172 2555 318 2615 tias,
357 2567 500 2621 quae
535 2550 596 2604 in
631 2555 926 2622 aequatore
961 2554 1259 2607 occurrunt
1295 2556 1352 2605 et
1378 2549 1618 2605 nondum
1656 2549 1873 2605 detecta
1908 2554 2068 2613 sunt,

171 2640 235 2689 et
273 2632 354 2687 sie
401 2629 606 2685 similia
648 2630 759 2685 alia
795 2630 1172 2693 ostenderem;
1232 2647 1557 2701 quamquam
1595 2630 1663 2683 de
1702 2635 1949 2701 magnete
1988 2635 2073 2685 tot

173 2712 552 2784 experimenta
607 2711 830 2779 cognita
879 2716 1042 2774 sunt,
1099 2714 1164 2765 ut
1211 2709 1375 2764 modo
1417 2726 1602 2763 omnes
1638 2713 1819 2763 certae
1856 2713 2070 2773 essent,

174 2794 348 2849 tertia
401 2808 528 2861 pars
577 2788 847 2845 sufficeret
884 2788 954 2843 ad
991 2789 1112 2858 ejus
1149 2790 1509 2859 proprietates
1546 2788 1897 2860 explicandas
1934 2806 2073 2843 meo·

173 2891 284 2944 que
328 2870 544 2941 judicio
595 2868 802 2940 absque
855 2866 1144 2937 particulis
1183 2868 1313 2925 ullis
1352 2868 1575 2924 striatis.
1648 2868 1861 2925 Fluxus
1896 2872 1953 2922 et
1990 2886 2071 2923 re-

171 2953 362 3010 fluxus
421 2949 582 3005 maris
641 2966 754 3003 non
807 2945 1100 3003 difficulter
1137 2948 1511 3019 detegeretur,
1574 2948 1621 3001 si
1662 2948 1821 3003 lunae
1860 2952 2069 3012 motus,

167 3036 350 3087 terrae
389 3034 602 3094 motus,
645 3028 808 3084 maris
849 3031 1028 3082 motus
1063 3028 1337 3099 generalis
1373 3034 1429 3082 et
1466 3028 1840 3099 principaliter
1864 3026 2069 3099 specia-
