2432 3554
1263 159 1381 216 334

383 316 649 372 secularia
686 317 861 373 officia
898 337 1152 392 umquam
1193 320 1397 375 ambire
1434 319 1609 384 velle,
1662 337 1891 392 quorum
1928 319 2019 376 hic
2052 320 2249 392 quidem

382 397 646 468 quaedam
685 399 818 453 satis
857 399 1069 454 lucrosa
1108 405 1270 460 sunt,
1310 404 1364 456 et
1403 405 1682 471 praeterea
1718 400 1787 454 ad
1831 417 1931 461 ea,
1974 418 2109 472 quae
2151 417 2246 453 mo·

384 477 453 532 do
492 479 713 532 referam
733 521 746 542 ‚
789 483 843 533 et
869 480 1000 551 quid
1027 481 1143 550 ipse
1171 480 1299 534 mihi
1328 481 1697 552 proposuerim
1728 479 1984 550 exsequi,
2026 479 2073 534 si
2096 479 2247 533 otium

382 557 606 612 habeam
663 558 1062 623 desideratum,
1121 560 1185 614 de
1242 577 1351 631 quo
1381 560 1494 630 jam
1532 561 1813 632 superiore
1850 559 1971 614 loco
2008 559 2245 631 quaedam

383 636 590 707 aperire
628 640 906 696 constitui.
973 639 1113 697 Dico
1151 641 1335 712 itaque
1376 660 1457 696 me
1489 641 1602 712 jam
1643 641 1807 710 talem
1834 641 2249 695 commoditatem

385 717 580 772 habere
618 719 802 774 studia
839 738 956 775 mea
994 721 1082 776 hic
1108 722 1507 792 prosequendi,
1548 721 1763 792 qualem
1790 720 2053 774 hactenus
2079 719 2251 774 habere

383 817 492 853 non
548 799 738 860 licuit.
795 818 918 856 cum
960 818 1058 856 nec
1093 801 1255 856 amici
1294 819 1393 858 nec
1432 805 1605 874 nupta
1642 819 1763 856 mea
1799 800 1914 854 ullo
1950 799 2107 854 modo
2140 815 2249 854 con-

386 879 540 934 trarii
579 879 728 944 sint,
790 881 950 952 plane
989 885 1052 935 ut
1089 882 1491 951 praevideram,
1544 882 1683 936 adeo
1722 885 1784 936 ut
1821 881 1922 936 hoc
1960 896 2100 933 anno
2134 878 2249 932 talia

385 959 748 1030 praestiterim
803 967 858 1014 et
897 959 1287 1026 laboraverim,
1346 967 1609 1033 quantum
1652 961 1766 1016 ullo
1804 979 1872 1015 ex
1906 957 2247 1030 praecedenti-

387 1039 519 1098 bus,
577 1044 632 1093 et
686 1039 903 1110 quidem
941 1041 1118 1110 quoad
1159 1040 1437 1096 Mathesin
1474 1059 1661 1096 omnes
1700 1039 2079 1102 difficultates,
2134 1053 2247 1108 quas

390 1119 520 1172 mihi
561 1137 796 1191 unquam
835 1119 1096 1184 formavi,
1147 1119 1261 1188 jam
1299 1121 1519 1191 penitus
1556 1119 1849 1193 superavi,
1899 1122 1962 1174 ut
1998 1117 2127 1172 nihil
2153 1115 2245 1186 jam

387 1215 524 1268 opus
581 1199 834 1262 habeam,
893 1215 1054 1269 quam
1111 1205 1173 1252 ut
1222 1217 1285 1253 ea
1335 1205 1579 1264 tantum,
1639 1217 1779 1271 quae
1818 1197 2031 1270 prolixo
2066 1194 2242 1252 calculo

389 1282 676 1343 constant,
735 1278 1241 1349 compendifaciam,
1302 1280 1445 1350 quod
1484 1281 1541 1335 in
1580 1278 1911 1352 quibusdam
1948 1279 2027 1334 sic
2063 1275 2237 1348 peregi,

389 1363 482 1420 ut,
523 1375 663 1428 quae
699 1357 970 1412 calculum
1005 1361 1116 1411 tam
1144 1356 1417 1427 prolixum
1444 1359 1762 1430 requirunt,
1804 1357 2021 1413 credam
2046 1355 2235 1413 eundem

389 1441 459 1490 ab
497 1436 838 1500 hominibusi,
897 1437 942 1490 si
980 1436 1310 1509 quandoque
1348 1437 1617 1509 integram
1654 1438 1827 1492 vitam
1864 1437 2229 1494 consumerent.

391 1533 500 1572 non
537 1535 693 1588 posse
725 1516 964 1581 absolvi,
1007 1536 1107 1590 ego
1135 1518 1327 1572 eadem
1349 1518 1607 1588 perfacile
1634 1535 1701 1572 ex
1727 1523 1971 1588 tempore
1994 1517 2238 1586 assignem.

392 1599 498 1653 Sed
549 1598 698 1669 prius
743 1615 905 1668 quam
943 1616 1028 1652 res
1065 1615 1130 1652 eo
1165 1597 1478 1668 redigatur,
1540 1597 1773 1652 multum
1810 1597 2070 1669 temporis
2104 1599 2155 1650 et
2180 1591 2240 1648 la·

393 1677 536 1731 boris
573 1676 898 1748 requiritur,
959 1681 1014 1732 et
1051 1695 1204 1732 mens
1245 1677 1391 1732 ultra
1428 1677 1647 1732 modum
1684 1681 1917 1734 attenta.
1990 1677 2141 1736 Quae
2170 1690 2243 1728 au·

390 1761 500 1812 tem
551 1756 652 1812 hoc
689 1774 832 1812 anno
868 1757 926 1812 in
965 1756 1239 1813 similibus
1277 1758 1611 1831 peregerim,
1670 1775 1967 1830 numquam
2006 1757 2124 1830 quis
2154 1771 2242 1811 cre·

389 1838 571 1899 deret,
613 1837 721 1892 nisi
757 1854 1010 1907 praesens
1047 1836 1237 1891 harum
1276 1855 1455 1893 rerum
1495 1842 1771 1909 spectator
1806 1838 2017 1895 fuisset.

463 1916 538 1971 Et
588 1916 854 1989 siquidem
895 1917 1026 1974 mihi
1063 1923 1417 1973 succurratur
1454 1937 1485 1972 a
1521 1917 1958 1982 Parisiensibus,
2018 1919 2151 1973 certe
2176 1914 2235 1967 in-

393 2000 583 2054 audita
618 1999 987 2069 experimenta
1023 2000 1269 2055 facturus
1306 2018 1458 2063 sum,
1500 2016 1639 2071 quae
1680 1999 1897 2061 nescim
1940 2016 2068 2053 num
2101 1997 2152 2051 in
2170 2010 2237 2049 cu·

388 2078 605 2149 jusdam
656 2078 770 2149 jam
825 2080 1062 2135 viventis
1117 2080 1509 2151 cogitationem
1564 2096 1891 2150 pervenere,
1952 2077 2019 2131 de
2055 2086 2242 2148 quorum

394 2175 648 2215 successu
687 2177 795 2213 non
835 2178 1052 2231 possum
1089 2160 1407 2231 desperare,
1448 2174 1572 2215 cum
1611 2157 1979 2229 experientias
2014 2152 2191 2211 similes
2218 2166 2245 2202 a

393 2242 608 2297 Natura
637 2239 752 2309 jam
789 2244 1035 2309 peractas
1071 2240 1323 2305 videam,
1362 2241 1460 2295 sed
1498 2257 1633 2311 quas
1666 2238 2033 2293 attentissime
2056 2236 2242 2291 circum·

393 2320 686 2391 spicientes
724 2318 816 2373 vix
852 2319 1182 2390 percipient,
1226 2319 1333 2373 nisi
1374 2338 1491 2375 mea
1527 2318 1801 2390 principia
1838 2316 2033 2373 sciant.

467 2399 610 2453 Dum
649 2416 778 2453 vero
815 2398 1016 2454 similia
1051 2416 1214 2454 narro
1250 2416 1451 2470 anceps
1488 2400 1714 2461 haereo,
1756 2416 1824 2453 ne
1852 2397 2045 2451 bonam
2076 2388 2242 2478 opinio·

394 2497 546 2542 nem,
589 2495 750 2549 quam
788 2478 855 2531 de
895 2497 976 2533 me
1015 2478 1315 2550 concepisti
1358 2518 1465 2533 .....
1509 2483 1622 2541 tes,
1682 2494 1747 2533 ac
1784 2477 2065 2532 existimes
2098 2473 2242 2545 ponus

395 2576 479 2613 me
535 2557 668 2612 talia
722 2562 938 2613 tantum
994 2567 1050 2613 et
1087 2558 1225 2613 falso
1257 2559 1487 2629 jactare.
1565 2559 1786 2621 Quare,
1848 2573 1959 2628 quo
1996 2555 2093 2609 hac
2125 2551 2171 2607 in
2199 2562 2242 2599 re

395 2642 568 2712 magis
595 2658 818 2697 securus
845 2640 940 2707 sis,
969 2641 1216 2712 singula,
1255 2657 1395 2713 quae
1419 2656 1485 2694 ea
1510 2638 1577 2692 de
1602 2655 1660 2691 re
1686 2636 1974 2700 constitui,
2014 2640 2105 2689 tuo
2129 2628 2244 2703 prius

396 2738 606 2791 semper
635 2720 848 2790 judicio
885 2738 1181 2793 exponam;
1224 2726 1281 2775 et
1316 2722 1528 2776 utinam
1566 2719 1708 2773 tanti
1748 2718 1852 2772 viri
1886 2715 1996 2771 tale
2015 2709 2244 2785 judicium

398 2817 608 2871 semper
661 2801 730 2855 de
781 2800 972 2855 iisdem
1011 2800 1291 2871 experiar,
1352 2817 1415 2855 ac
1454 2800 1721 2853 hactenus
1760 2796 1891 2851 mihi
1932 2791 2164 2849 rescribis
2192 2785 2243 2839 de

397 2879 824 2949 cogitationibus
879 2880 1013 2936 meis
1065 2880 1211 2935 circa
1262 2880 1553 2934 sanitatem
1603 2876 2060 2939 conservandam,
2114 2882 2241 2957 que}n

399 2958 715 3012 Tractatum
772 2960 830 3013 in
887 2960 1061 3014 medio
1111 2958 1355 3014 tumultu
1405 2958 1634 3015 Parisiis
1688 2956 2029 3014 conscribere
2068 2954 2241 3037 incepi,

399 3040 458 3093 in
497 3038 796 3095 Hollandia
832 3040 1014 3112 aliquo
1053 3040 1214 3095 modo
1250 3037 1451 3110 polivi,
1492 3037 1585 3092 sed
1618 3037 1733 3108 jam
1770 3036 1821 3091 ei
1861 3035 2035 3091 multa
2068 3030 2241 3102 adjuc„
