2432 3554
1296 184 1414 243 308

401 343 712 418 philosophi
770 348 1006 399 mentem
1060 360 1163 399 nec
1205 344 1311 398 viri
1350 344 1546 399 summi
1587 361 1769 400 veram
1804 343 2042 400 indolem
2078 343 2175 398 sive
2203 357 2253 394 ex

403 427 693 499 colloquiis
729 426 850 482 istis
886 427 1004 482 sive
1041 441 1116 480 ex
1151 425 1272 496 ejus
1309 424 1531 497 scriptis
1568 425 1775 496 cepisse
1812 425 2011 497 cuique
2044 421 2183 478 facile
2203 437 2253 474 ex

403 508 472 563 iis
509 507 751 579 patebit,
791 525 930 578 quae
967 506 1035 561 de
1072 507 1251 578 priore
1289 523 1341 562 v.
1365 521 1411 561 c.
1450 505 1508 558 in
1534 504 1767 576 epistola
1793 522 1893 559 sua
1919 504 1991 558 ad
2015 501 2253 558 Nicasium

401 604 548 642 anno
584 586 726 645 1697
763 589 1014 658 scripsit:
1060 605 1208 658 „que
1249 585 1481 657 Spinosa
1519 583 1609 640 n’a
1644 585 1747 640 fait
1783 603 1889 657 que
1925 583 2146 640 cultiver
2168 596 2256 635 cer·

401 667 579 722 taines
618 685 892 722 semences
929 665 996 720 de
1035 665 1088 721 la
1126 664 1467 737 philosophie
1504 664 1572 718 de
1610 663 1687 720 M.
1724 660 2083 726 Descartes,’'
2120 677 2257 731 eoquo

401 746 461 800 in
497 763 731 800 errorem
770 746 836 800 de
873 747 1054 802 causis
1091 746 1350 801 finalibus
1387 748 1493 799 etc.
1531 745 1731 799 ductus
1755 745 1963 806 fuerit:
1999 743 2129 806 imo,
2161 739 2257 794 istis

403 825 462 880 in
518 825 700 881 causis
755 824 1013 880 tollendis
1069 842 1339 880 summum
1394 824 1659 895 Spinozae
1700 824 1951 879 meritum
1990 821 2255 894 ponendum

401 906 538 969 erit,
597 922 698 960 nec
747 905 892 977 quod
943 905 1052 973 (uti
1089 903 1220 959 alibi
1258 903 1402 975 apud
1440 903 1813 959 Leibnitzium
1854 903 2077 974 legitur)
2110 917 2257 956 neces-

401 985 620 1039 sitatem
677 985 838 1040 nimis
895 988 1087 1056 urgeat
1124 982 1509 1055 philosophus»,
1569 985 1673 1046 „in
1712 983 2056 1038 necessitatis
2090 985 2256 1052 partem

399 1064 600 1120 nimis”
657 1063 917 1126 inclinet,
978 1063 1028 1117 ei
1085 1063 1473 1134 objiciendum.
1544 1061 1627 1116 De
1664 1063 1863 1134 quibus
1900 1080 2029 1117 vero
2064 1062 2143 1116 hic
2172 1073 2253 1112 non

399 1143 636 1214 amplius
683 1143 902 1199 dicendi
941 1142 1110 1199 locus.
1186 1141 1352 1202 Quod
1390 1142 1458 1195 ad
1496 1143 1601 1196 viri
1638 1141 1881 1196 indolem
1920 1159 1952 1195 a
1987 1137 2253 1198 Leibnitzio

403 1241 513 1278 non
573 1223 708 1277 bene
763 1227 977 1294 captam
1035 1222 1267 1284 attinet,
1327 1220 1579 1275 videatur
1615 1221 1761 1292 quod
1799 1222 1859 1276 in
1896 1221 1980 1278 ed.
2015 1218 2160 1275 Pauli
2192 1214 2252 1282 (II

398 1303 524 1370 6¹73)
565 1321 632 1357 ex
663 1305 782 1358 otio
807 1306 1150 1358 Hanoverano
1173 1305 1487 1371 excerptum
1519 1299 1752 1371 legitur,
1795 1299 2081 1372 Spinozam
2106 1313 2252 1367 nempe

405 1381 656 1453 „scripta
712 1387 811 1436 su'a
865 1382 1183 1452 imperfecta
1238 1380 1632 1443 combussisse,
1694 1399 1763 1435 ne
1819 1398 1893 1438 sc.
1930 1384 2134 1451 reperta
2163 1377 2248 1449 post

403 1460 528 1532 ejus
582 1461 792 1516 obitum
837 1462 1090 1531 plor-iam,
1150 1478 1299 1532 quam
1352 1460 1617 1516 scribendo
1650 1461 1959 1532 quaerebat,
2016 1458 2243 1515 imminue·

403 1539 584 1596 rent.’'
635 1541 819 1612 Digna
856 1541 1099 1612 profecto
1135 1539 1265 1594 vani
1303 1555 1413 1594 non
1453 1540 1634 1594 minus
1671 1559 1833 1611 quam
1872 1539 2102 1596 illustris
2126 1533 2245 1590 homi-

402 1621 490 1676 nis
526 1620 850 1691 imputatio,
891 1619 1052 1690 cujus
1087 1617 1154 1674 ab
1181 1623 1413 1692 utraque
1439 1627 1592 1692 parte
1619 1624 1973 1678 veracitatem
1998 1623 2113 1692 ipsa
2132 1619 2253 1672 dene·

400 1705 536 1773 gant
591 1701 750 1757 facta.
821 1699 940 1766 Nec
983 1699 1128 1754 enim
1165 1699 1485 1770 imperfecta
1507 1742 1522 1764 ‚
1582 1703 1823 1757 nondum
1863 1699 2133 1760 absoluta,
2178 1710 2280 1766 mm⁴

401 1780 604 1851 scripta
643 1811 712 1821 -—
748 1780 1072 1841 Politicam,
1114 1779 1181 1833 de
1219 1779 1507 1837 intellectu
1541 1782 1893 1845 Tractatum,
1936 1788 2251 1838 eea—oom-

404 1860 580 1915 bussit
615 1860 1003 1932 philosophus,
1058 1876 1160 1915 nec
1196 1861 1574 1917 comburiendi
1610 1880 1832 1917 causam
1872 1862 2069 1916 habere
2090 1855 2252 1930 potuis-

403 1944 486 1994 set
542 1958 742 1995 vanum
787 1939 896 1993 tale
935 1938 1140 2011 gloriae
1177 1938 1509 1995 desiderium
1547 1942 1641 2013 qui
1680 1940 1911 1997 Ethicae
1948 1958 2077 1995 suae
2110 1940 2249 1993 aucto·

402 2022 479 2077 ris
522 2039 717 2075 nomen
755 2020 1048 2092 quominus
1084 2018 1379 2075 adderetur
1416 2020 1724 2092 prohibuit,
1790 2019 1991 2085 „nulla
2028 2019 2129 2074 alia
2156 2012 2253 2071 rati·

400 2119 538 2167 one,
577 2118 739 2172 quam
777 2100 904 2172 quia
941 2098 1158 2165 noluit,
1196 2104 1261 2154 ut
1297 2100 1591 2173 disciplina
1626 2119 1693 2156 ex
1731 2101 1851 2173 ipso
1891 2100 2109 2155 haberet
2132 2110 2253 2149 voca-

402 2180 651 2235 bulum.”
691 2179 859 2247 (Vide
895 2179 1073 2236 Praef.
1109 2180 1179 2235 ad
1219 2179 1399 2250 Opera
1436 2181 1727 2252 posthuma
1764 2199 1819 2251 p.
1863 2181 1896 2233 3
1935 2180 1993 2234 in
2025 2180 2093 2249 f.)
2124 2172 2251 2236 Quod

398 2260 448 2316 si
505 2259 772 2330 Spinozae
827 2258 1028 2314 indolis
1086 2277 1275 2333 parum
1324 2260 1411 2314 sui
1448 2260 1727 2315 studiosae
1762 2259 2131 2314 testimonium
2162 2269 2253 2309 cum

399 2340 701 2397 Leibnitzii
727 2340 1002 2395 contraria
1027 2340 1250 2393 omnino
1276 2340 1473 2409 agendi
1501 2340 1713 2395 ratione
1740 2340 1989 2394 conferas
2006 2381 2020 2403 ,
2060 2335 2259 2409 profecto

402 2438 512 2476 non
551 2420 773 2475 dubitas
810 2418 1066 2490 anonymi
1103 2419 1259 2473 illius
1294 2418 1466 2491 Angli
1506 2420 1837 2475 sententiam
1865 2418 2093 2490 probare
2114 2412 2257 2487 quiin

401 2502 578 2556 diario
621 2500 966 2555 Westminster
1001 2498 1209 2553 Review
1235 2502 1405 2566 (anno
1432 2500 1599 2569 1855)
1624 2516 1843 2554 causam
1870 2514 2151 2571 quaerens,
2184 2506 2261 2547 cur

405 2581 542 2646 „the
590 2580 862 2635 influence
899 2580 961 2633 of
993 2578 1230 2649 Spinoza
1268 2578 1364 2633 has
1403 2576 1539 2633 been
1576 2596 1637 2633 so
1674 2579 1810 2649 deep
1848 2578 1959 2633 and
1996 2574 2257 2642 enduring.

401 2660 563 2715 while
619 2659 876 2714 Leibnitz
925 2658 1022 2713 has
1073 2658 1203 2729 only
1242 2658 1467 2713 secured
1506 2659 1590 2713 for
1626 2658 1848 2713 himself
1880 2676 1913 2713 a
1952 2676 2091 2713 mere
2122 2652 2261 2711 admi-

401 2741 583 2796 ration
639 2741 702 2794 of
750 2738 834 2793 his
879 2738 1115 2800 talents;
1172 2738 1220 2793 it
1256 2738 1339 2793 is”
1378 2738 1560 2809 inquit
1600 2738 1877 2801 „because
1915 2738 2144 2809 Spinoza
2174 2747 2263 2785 was

403 2826 501 2875 not
539 2819 712 2875 afraid
748 2822 809 2873 to
846 2818 911 2873 be
949 2816 1255 2873 consistent
1290 2834 1426 2871 even
1464 2822 1523 2871 at
1559 2818 1653 2871 the
1688 2817 1837 2890 price
1874 2819 1937 2873 of
1966 2819 2057 2873 the
2080 2810 2263 2869 world's

402 2898 782 2971 reprobation‚
840 2899 949 2953 and
1005 2898 1221 2953 refused
1278 2904 1337 2953 to
1391 2896 1657 2969 purchase
1692 2898 1788 2951 the
1826 2897 2083 2967 applause
2116 2894 2169 2948 of
2193 2890 2261 2945 his

403 2996 529 3033 own
567 2995 666 3047 age
703 2982 760 3031 at
798 2977 889 3032 the
922 2978 1162 3033 sacrifice
1201 2978 1263 3031 of
1294 2976 1387 3032 the
1424 2978 1727 3049 singleness
1764 2979 1825 3032 of
1856 2978 1943 3032 his
1982 2974 2173 3033 beart.”
