2432 3554
2348 0 2354 134 l

1300 177 1418 235 318
2351 135 2357 374 ἲ

415 332 563 404 genii
609 337 664 388 et
700 333 758 389 in
795 332 943 389 omni
981 334 1212 391 scientia
1247 339 1514 392 versatus.
1580 334 1688 390 Sed
1725 338 1910 390 tamen
1946 336 2008 390 ut
2041 335 2141 388 tam
2170 330 2257 386 cito
2354 389 2356 404 ἱ

415 413 464 468 ei
503 431 621 469 mea
659 414 866 486 scripta
901 415 1152 480 credam,
1199 415 1572 472 inconsultum
1610 433 1727 470 esse
1761 413 1966 486 judico,
2036 413 2259 482 Cuperem
2354 407 2356 418 ²

414 493 566 564 prius
593 494 729 549 scire
746 536 761 559 ,
802 494 934 566 quid
963 497 1019 550 in
1046 494 1229 551 Gallia
1252 501 1410 566 agat,
1452 498 1508 550 et
1529 493 1800 564 judicium
1827 493 1998 549 nostri
2018 489 2260 548 Teohirnh.

414 573 636 639 audire,
695 579 982 646 postquam
1039 574 1219 646 ipsum
1276 574 1487 630 diutius
1524 573 1980 646 trequentaverit,
2036 577 2090 626 et
2122 570 2259 642 ipsius
2356 492 2359 692 Ι

412 670 590 708 mores
616 655 865 709 intimius
891 655 1119 712 noverit.
1156 655 1447 710 Caeterum
1472 657 1720 708 nostrum
1740 653 1907 708 istum
1928 652 2150 708 amicum
2168 665 2259 704 meo
2356 697 2358 734 ἶ

413 733 630 786 nomine
667 733 877 798 saluta,
917 740 976 789 et
1011 735 1057 790 si
1095 734 1285 806 quain
1313 752 1369 790 re
1395 733 1502 806 ipsi
1527 733 1731 789 servire
1756 751 2006 804 possum,
2036 729 2263 803 'quicquid
2355 775 2357 780 .

413 812 581 877 velit,
622 813 880 884 imperet,
921 819 977 869 et
1015 832 1096 869 me
1135 814 1242 870 sibi
1279 814 1347 868 ad
1385 815 1568 869 omnia
1606 813 1865 887 obsequia
1902 810 2261 884 paratissimum

411 891 662 962 reperiet.
738 893 1054 948 Adventum
1111 894 1227 949 aive
1282 893 1517 950 reditum
1573 893 1798 949 Domini
1836 897 1893 948 et
1928 892 2085 948 amici
2116 889 2261 946 colen-

416 970 625 1027 dissimi
658 974 901 1029 Bresseri
926 972 1203 1044 gratulor,
1232 990 1330 1046 pro
1356 973 1620 1044 promissa
1646 972 1844 1028 deinde
1869 972 2127 1028 eei-evicia
2148 986 2261 1039 mag·
2358 973 2360 1028 !

411 1068 512 1104 nae
555 1070 657 1122 ago
693 1053 927 1123 gratiae,
971 1058 1027 1108 et
1064 1070 1406 1125 quocumque
1444 1053 1605 1109 modo
1640 1055 1833 1124 potero
1866 1052 2030 1110 etiam
2058 1051 2259 1106 referam.
2358 1061 2360 1066 ·

411 1129 518 1186 Tui
574 1131 808 1204 denique
864 1133 1105 1203 parentis
1161 1149 1475 1204 processum
1511 1131 1753 1188 nondum
1794 1131 2027 1204 experiri
2065 1128 2257 1190 tentavi,
2360 1130 2362 1262 l

411 1227 512 1266 nec
559 1211 722 1266 credo
758 1213 907 1284 quod
946 1213 1184 1267 animum
1226 1213 1294 1268 ad
1332 1212 1390 1267 id
1428 1211 1753 1267 tentandum
1794 1212 2067 1284 applicare
2101 1214 2259 1282 potero.

410 1290 554 1346 Nam
591 1309 698 1362 quo
736 1293 910 1363 magis
945 1310 1057 1347 rem
1096 1293 1269 1364 ipsam
1307 1292 1491 1363 cogito
1513 1333 1527 1355 ,
1592 1291 1725 1347 mihi
1765 1293 1939 1363 magis
1977 1290 2253 1364 persuadeo.

411 1374 466 1424 te
505 1389 613 1424 non
647 1390 840 1426 aurum
881 1373 1213 1438 confecisse,
1254 1372 1348 1427 aed
1387 1389 1579 1444 parum
1615 1372 1762 1444 quod
1799 1372 1861 1427 in
1896 1372 2180 1428 antimonio
2200 1368 2253 1422 la·

412 1450 563 1506 tebat
607 1453 957 1522 separavisse.
1031 1453 1136 1508 Sed
1177 1454 1246 1508 de
1284 1453 1387 1508 hoc
1423 1452 1561 1507 alias
1596 1452 1805 1516 fusius,
1866 1469 2017 1508 nunc
2051 1448 2251 1522 temporis
2362 1448 2364 1570 Ι

411 1533 668 1603 angustia
724 1533 1077 1604 praecludet:
1136 1534 1355 1588 interim
1416 1533 1463 1588 si
1518 1532 1706 1604 aliqua
1762 1533 1822 1588 in
1858 1549 1919 1587 re
1954 1531 2055 1588 tibi
2093 1545 2253 1603 operm
2363 1585 2364 1588 ,

414 1615 688 1683 praestare
726 1630 979 1684 possum,
1017 1631 1144 1669 ecee
1181 1631 1297 1678 me,
1338 1632 1500 1686 quem
1538 1631 1749 1685 semper
1784 1613 2061 1678 invenieS,
2362 1589 2364 1644 l

1012 1694 1098 1749 vir
1134 1694 1635 1765 praestantissime,

1074 1827 1079 1837 .
1299 1774 1426 1833 Tibi
1462 1774 1855 1833 amicissimum
1894 1779 1949 1830 et
1986 1790 2185 1831 servum
2364 1768 2366 1875 J

410 1852 597 1924 Haqae
638 1854 874 1917 Comitis,
921 1856 986 1909 18
1023 1854 1323 1911 Novembri
1678 1854 2086 1925 ‚paratissimum
2365 1878 2366 1881 ¹

802 1933 961 1992 1675.
1551 1935 1615 1991 Β.
1652 1934 1985 2006 Despinoza.

962 2013 1100 2084 Miju
1134 2013 1309 2078 Beer,
1936 2030 1943 2037 ·

410 2092 547 2164 Man
601 2095 742 2148 Heer
804 2092 876 2147 G.
917 2093 990 2147 H.
1032 2092 1307 2156 Sekallm,

412 2175 506 2227 der
550 2172 850 2243 medeoijuen
898 2174 1088 2229 Doctor
1103 2212 1118 2235 ,
1185 2190 1312 2227 ωοο-

409 2255 568 2309 nonde
621 2254 674 2308 in
711 2254 776 2307 de
810 2252 1122 2322 Korteteeqh
1158 2254 1214 2307 in
1252 2254 1317 2307 de

409 2334 736 2407 yestofeerde
764 2334 882 2387 hoec
1092 2333 1130 2387 t’

415 2418 562 2473 Por-t.
901 2414 1243 2469 Amterdam.

482 2591 968 2653 TschirnhausiuS,
1031 2588 1214 2645 Gallia
1256 2604 1382 2643 mox
1420 2588 1645 2651 relicta,
1696 2587 1920 2644 Italiam
1959 2586 2267 2654 Siciliamque

414 2678 471 2728 et
505 2672 738 2728 Meliten
777 2670 1012 2725 insulam
1051 2668 1302 2725 visitavit
1339 2667 1765 2740 Vindobonique
1802 2668 1862 2723 in
1901 2666 2126 2724 Austria
2160 2669 2267 2718 tem·

414 2770 516 2826 pue
553 2750 774 2823 aliquod
809 2754 1061 2805 versatus
1097 2754 1197 2805 est.
1269 2746 1437 2803 Anno
1473 2748 1617 2803 1682
1655 2749 1855 2803 iterum
1893 2748 1952 2803 in
1990 2746 2265 2804 Galliamse

415 2830 684 2893 contulit,
730 2828 915 2899 ibique
951 2828 1097 2882 inter
1134 2828 1312 2882 socios
1348 2827 1680 2883 Academiae
1718 2826 2082 2883 scientiarum
2118 2840 2261 2893 recep·

413 2920 507 2965 tus
543 2913 657 2970 est;
699 2924 822 2961 mox
851 2912 908 2961 et
931 2906 1403 2963 Ametelodamum
1428 2908 1625 2973 rediit,
1665 2908 1724 2962 in
1750 2906 2055 2964 studiorum
2082 2918 2264 2963 suorum

415 2991 599 3043 fructu
635 2985 843 3040 edendo
880 2990 1210 3057 occupatae,
1265 3002 1425 3057 quem
1462 3003 1607 3042 anno
1644 2985 1862 3042 demum
1901 2984 2041 3046 1687
2080 2982 2263 3051 „Modi-

413 3067 537 3123 cina
589 3066 788 3121 mentis
842 3065 956 3121 sive
1010 3065 1146 3120 artis
1190 3064 1507 3122 inveniendi
1543 3069 1834 3138 praecepta
1870 3065 2173 3139 generalia”
2203 3062 2264 3117 in·
