2432 3554
1296 175 1371 233 58

389 334 568 390 omnis
618 335 970 406 perfeetionis
1007 353 1174 392 causa
1209 337 1313 398 sit:
1371 354 1533 408 quam
1568 335 1638 392 ob
1677 353 1819 396 rem,
1867 334 1913 390 si
1951 335 2107 390 Deus
2144 332 2289 391 illud
2397 323 2398 326 ¹

386 413 636 468 omittere
675 421 888 487 posset,
929 433 1039 470 non
1076 417 1351 487 perfectus
1388 421 1561 477 essen
1604 434 1728 472 nam
1761 415 1961 470 bonum
1989 415 2172 480 faqete
2199 412 2289 467 vel

391 493 776 563 perfectionem
831 495 1082 550 omittere
1139 511 1297 566 posse
1354 496 1413 549 in
1466 511 1531 548 eo
1570 495 1716 566 quod
1754 493 1945 555 efficit,
2006 493 2195 550 locum
2232 493 2291 547 in

383 571 483 626 illo
538 573 733 630 habere
790 573 1014 647 nequit,
1071 591 1198 630 cum
1248 574 1519 630 defectum
1558 574 1827 632 inc-ludat.
1903 575 2071 634 Quod
2112 575 2292 646 igitur

385 651 538 707 Deus
591 655 708 710 sola
764 672 929 712 causa
989 653 1160 710 libera
1218 655 1321 718 sit,
1380 673 1491 710 non
1528 654 1707 710 solum
1744 657 1897 725 patet
1930 672 1999 708 ex
2037 671 2102 708 eo
2139 651 2292 726 quod

386 731 657 799 diximum,
716 735 812 790 sed
867 735 1032 789 etiam
1089 733 1249 800 inde,
1312 735 1457 806 quod
1502 739 1657 790 extra
1695 753 1818 789 eum
1856 750 2023 788 causa
2058 737 2295 788 externa

387 830 496 867 non
535 813 638 876 sit,
696 832 836 887 quae
873 832 994 869 eum
1035 831 1227 885 cogere
1266 815 1361 880 wel
1390 831 1632 886 premere
1670 815 1885 886 posset:
1926 831 2065 886 quae
2104 813 2295 869 omnia

392 893 452 946 in
489 893 652 948 rebus
689 895 887 950 creatis
925 911 1034 950 non
1073 895 1152 950 ita
1191 895 1371 950 locum
1411 894 1627 951 habent.

461 1131 700 1186 Econtra
755 1131 960 1187 dieitur
1014 1133 1263 1204 quidem,
1322 1131 1525 1188 bonum
1587 1149 1651 1186 eo
1714 1132 1829 1186 solo
1892 1131 2092 1186 bonum
2138 1148 2289 1194 esse,

354 1214 358 1218 ”
389 1211 534 1283 quod
570 1211 721 1265 Deus
758 1210 898 1267 illud
937 1213 1103 1277 velit,
1143 1215 1200 1266 et
1235 1213 1413 1268 Deum
1452 1211 1624 1284 igitur
1654 1210 1860 1268 efficere
1896 1227 2053 1282 posse
2087 1209 2293 1266 malum

393 1291 593 1344 bonum
628 1290 766 1346 fieri.
841 1292 962 1348 Hoc
999 1297 1180 1346 autem
1221 1309 1391 1364 aeque
1428 1291 1577 1346 valet
1613 1309 1677 1346 ac
1712 1290 1763 1344 si
1800 1290 2066 1349 dicerem,
2111 1289 2291 1344 Deum

389 1371 570 1426 Deum
624 1388 742 1424 esse
796 1372 926 1442 quia
983 1371 1120 1426 velit
1175 1371 1357 1428 Deum
1412 1388 1559 1434 esse,
1621 1369 1793 1425 etita
1828 1387 1985 1441 posse
2022 1385 2136 1440 11911
2176 1387 2293 1424 esse

392 1452 601 1514 Deum:
643 1453 788 1523 quod
823 1453 944 1524 ipsa
981 1457 1066 1507 est
1101 1451 1427 1508 absurditas,
1468 1451 1671 1506 .Porro
1709 1451 1755 1506 si
1794 1448 2039 1504 homines
2082 1447 2293 1520 aliquid

394 1531 606 1587 faciunt
659 1535 716 1586 et
771 1538 1034 1603 rogantur
1091 1549 1188 1588 cur
1250 1533 1331 1587 ita
1372 1531 1607 1594 faciant,
1664 1528 1945 1601 responsio
1990 1531 2101 1584 est:
2162 1529 2293 1602 quia

391 1611 612 1682 justitia
649 1611 726 1666 ita
765 1611 952 1682 exigit.
1019 1611 1076 1668 Si
1116 1613 1312 1667 iterum
1351 1616 1605 1682 rogatur:
1646 1628 1745 1665 cur
1774 1608 2029 1680 justitia,
2070 1608 2161 1664 vel
2197 1627 2290 1680 po-

392 1691 504 1746 tius
539 1708 708 1748 causa
743 1692 918 1762 prima
954 1691 1194 1747 omnium
1227 1709 1366 1762 quae
1399 1692 1552 1762 justa
1588 1691 1735 1755 sint,
1774 1691 1884 1744 ista
1919 1688 2141 1760 exigat?
2182 1705 2291 1742 res-

394 1771 696 1844 pondetur:
749 1771 878 1844 quia
914 1771 1034 1843 ipsa
1065 1771 1288 1842 justitia
1324 1771 1405 1827 ita
1440 1771 1583 1827 vult.
1648 1771 1784 1836 Sed,
1827 1788 2017 1843 precor
2030 1769 2049 1823 Ξ.
2078 1769 2291 1839 justiti-

393 1871 498 1907 ane
552 1855 804 1906 omittere
863 1855 1046 1923 posset
1097 1850 1249 1921 justa
1291 1855 1445 1907 esse?
1516 1850 1688 1907 Nullo
1726 1851 1917 1915 mod0‚
1974 1854 2109 1906 tunc
2144 1850 2293 1905 enim

396 1950 505 1986 non
562 1930 796 2002 amplius
845 1930 1068 2001 justitia
1121 1950 1240 1987 esse
1277 1936 1475 2002 posset.
1546 1932 1619 1987 Et
1655 1948 1983 2003 quamquam
2021 1928 2137 1993 illi,
2199 1930 2291 2001 qui

397 2011 591 2067 dieunt
636 2011 812 2066 Deum
867 2012 1048 2066 omnia
1103 2029 1243 2081 quae
1280 2012 1397 2083 agit
1432 2029 1495 2067 eo
1532 2029 1727 2083 agere.
1783 2011 1929 2083 quod
1966 2010 2028 2065 in
2062 2027 2121 2063 se
2156 2009 2292 2081 ipsis

397 2094 539 2147 bona
593 2093 741 2157 sint,
811 2094 1085 2164 putabunt
1136 2094 1365 2149 fortasse
1420 2110 1477 2146 se
1534 2092 1816 2147 nobiscum
1874 2109 1981 2145 non
2040 2089 2285 2152 differre3

395 2172 586 2244 procul
640 2177 824 2227 tamen
873 2173 1058 2236 abest,
1119 2190 1243 2229 cum
1298 2171 1506 2243 aliquid
1568 2173 1769 2227 bonum
1824 2171 2013 2227 adesse
2068 2170 2288 2235 dicant,

397 2252 486 2307 oui
523 2251 800 2323 obligatus
837 2252 923 2306 vel
969 2252 1241 2309 obductus
1286 2258 1461 2317 esset,
1500 2252 1701 2325 quippe
1726 2268 1893 2307 causa.
1917 2248 2290 2321 desiderioque

394 2332 540 2403 quod
579 2332 680 2388 hoo
719 2331 918 2387 bonum
956 2332 1202 2405 illudque
1241 2348 1429 2387 rursus
1461 2332 1673 2402 justum
1712 2332 1804 2385 sit.

470 2885 686 2941 Deinde
723 2887 971 2958 quaestio
1007 2888 1216 2953 oritur,
1259 2905 1390 2943 num
1428 2888 1611 2953 Deua,
1652 2886 1755 2941 etsi
1792 2886 1977 2943 omnia
2002 2885 2074 2942 ab
2096 2881 2289 2939 eoalio

401 2965 562 3021 modo
599 2971 784 3022 ereata
819 2968 1024 3024 suerint
1059 2976 1114 3023 et
1151 2968 1221 3024 ab
1246 2973 1469 3023 aeterno
1494 2967 1656 3025 aliter
1681 2966 1949 3037 disposita.
1971 2970 2027 3021 et
2052 2962 2291 3037 praedes·
