2432 3554
1304 187 1421 245 330

420 350 515 404 sed
556 349 700 404 idem
739 349 1124 420 significantia.
1204 349 1417 404 Deinde
1461 367 1555 420 per
1593 367 1827 404 mensem
1867 348 2046 403 adhuc
2083 347 2151 404 ibi
2183 363 2269 400 mo-

416 436 601 494 ratae,
643 447 706 484 ac
744 429 1010 500 imprimis
1047 428 1181 482 mihi
1221 430 1463 483 omnium
1501 429 1983 493 Academicorum,
2036 429 2187 482 etiam
2216 427 2270 480 D.

374 557 376 560 ,
417 511 482 564 de
533 511 587 564 la
645 509 781 564 Hire
837 512 986 578 (nam
1025 509 1348 580 philosopho
1386 509 1525 564 nihil
1562 509 1813 574 facilius,
1870 525 2029 579 quam
2070 506 2271 562 inimicis

417 589 554 644 bene
595 591 801 654 facere,
861 589 1054 643 saltem
1095 590 1175 654 ei,
1222 591 1316 662 qui
1356 608 1473 644 mea
1509 589 1779 660 principia
1816 589 2085 660 sequitur)
2124 585 2271 642 conci·

415 669 550 724 liare
591 670 794 726 studui.
867 671 1000 724 Post
1039 670 1172 725 haec
1213 671 1427 725 rediens
1465 671 1523 724 in
1561 668 1917 724 Hollandiam
1980 669 2055 722 Te
2092 669 2268 737 Hages-

415 751 694 804 Comitum
731 750 988 814 visitavi,
1029 751 1122 804 ubi
1162 751 1425 822 quaedam
1466 749 1658 802 horum
1695 748 1892 811 retuli,
1936 753 1999 802 ut
2035 747 2195 810 nosti,
2227 751 2268 799 et

414 831 705 901 praecipue
743 847 807 883 ex
849 829 1124 900 generosis
1161 829 1274 884 tuis
1312 829 1590 900 promissis
1636 832 1801 900 (quae
1838 829 2017 882 adhuc
2054 843 2265 898 praesen·

411 910 560 964 tibus
619 910 793 964 literis
849 911 1162 978 confirmas)
1221 929 1475 981 magnum
1516 911 1771 966 solatium
1809 911 2054 983 percepi,
2114 924 2265 962 verum

413 993 480 1044 de
538 1009 738 1061 sponsa
785 1009 930 1056 mea,
991 996 1053 1045 ut
1091 997 1146 1045 et
1182 991 1441 1055 Parisiis,
1504 991 1645 1047 nihil
1684 991 1810 1046 aliis
1846 991 2108 1053 indicavi,
2162 988 2265 1060 quia

411 1075 627 1141 tempus
683 1070 845 1124 nimis
895 1071 1084 1132 breve;
1151 1073 1379 1128 Parisiis
1428 1079 1612 1128 autem
1658 1072 2099 1136 difficultatibus,
2156 1087 2261 1142 quas

413 1149 545 1204 mihi
585 1167 780 1221 magno
820 1168 1043 1220 numero
1081 1151 1417 1218 formabant,
1458 1154 1708 1208 nolebam
1746 1154 1863 1225 ipse
1896 1154 2077 1224 plures
2111 1167 2257 1206 cumu-

415 1231 550 1284 lare.
627 1229 732 1284 Sed
779 1229 937 1284 modo
975 1231 1165 1286 audies
1204 1249 1287 1286 me
1326 1234 1383 1288 in
1420 1233 1609 1288 eadem
1647 1234 1989 1304 experientia
2026 1233 2255 1288 confirma-

415 1309 478 1365 ri.
551 1309 697 1363 Nam
741 1313 886 1364 certe
926 1309 1098 1364 multo
1136 1310 1363 1366 liberius
1393 1313 1509 1384 jam
1548 1313 1636 1368 hic
1674 1318 1904 1368 ac·ante
1942 1314 2097 1376 vive,
2147 1308 2253 1382 quod

413 1391 584 1460 magis
623 1391 975 1460 imposterum
1013 1390 1295 1456 addisces,
1347 1394 1507 1448 modo
1546 1395 1813 1464 adjuver,
1856 1400 1917 1448 ut
1956 1412 2125 1465 spero.
2172 1388 2248 1442 Sed

411 1486 639 1540 propero
685 1468 752 1523 ad
790 1471 980 1533 finem,
1044 1475 1106 1525 ut
1141 1470 1359 1542 incepi,
1420 1477 1477 1528 et
1515 1476 1689 1528 refero
1728 1491 1813 1528 me
1856 1474 2089 1544 posthac
2120 1483 2244 1525 rever·

414 1567 534 1602 sum
574 1548 631 1602 in
668 1549 898 1619 patriam
938 1568 1086 1611 esse,
1135 1550 1281 1622 quod
1323 1556 1502 1608 tamen
1538 1555 1609 1609 ob
1648 1553 1870 1625 longum
1910 1559 1967 1608 et
2002 1553 2247 1606 taediosum

409 1629 516 1683 iter
571 1646 682 1682 non
732 1628 898 1684 citius
949 1629 1162 1684 absolvi
1201 1631 1297 1698 (ob
1334 1639 1543 1706 pestem
1580 1635 1749 1688 variis
1786 1633 1845 1688 in
1886 1632 2023 1688 locis
2057 1643 2252 1702 grassan-

410 1719 558 1772 tem,
601 1709 844 1802 aliasque
882 1711 1146 1779 rationes)
1184 1728 1347 1783 quam
1387 1731 1569 1767 mense
1604 1712 1925 1767 Novembri
1980 1713 2109 1771 Hic
2148 1708 2255 1762 ultra

411 1788 664 1854 modum,
707 1792 809 1844 mei
848 1790 1107 1846 delectati
1133 1792 1393 1858 fuerunt,
1434 1794 1623 1865 quod
1607 1812 1664 1847 1n
1689 1792 2045 1847 Academiam
2070 1789 2249 1857 Regiam

409 1875 660 1941 receptus
699 1890 901 1936 essem,
944 1876 999 1927 et
1036 1889 1132 1936 ec,
1172 1874 1317 1945 quod
1356 1873 1605 1944 loquerer
1630 1872 1699 1926 de
1725 1873 1987 1943 pensione
2012 1864 2248 1925 obtinenda

410 1952 592 2023 (quasi
651 1951 812 2021 hujus
869 1970 980 2007 non
1031 1952 1255 2007 dubiam
1294 1954 1389 2007 sed
1428 1952 1675 2006 absolute
1714 1957 1927 2008 certam
1959 1970 2098 2024 spem
2131 1946 2247 2003 habe·

410 2035 546 2100 rem)
607 2050 714 2103 quo
769 2032 901 2086 mihi
958 2032 1182 2087 libertas
1232 2032 1633 2105 relinqueretur
1684 2050 1801 2086 mea
1852 2032 2129 2099 studiavex
2154 2028 2250 2081 voto

409 2112 788 2166 continuandi.
865 2112 1142 2183 Imprimis
1193 2114 1293 2167 hoc
1330 2112 1464 2166 mihi
1504 2112 1745 2166 multum
1787 2113 2010 2167 honoris
2046 2106 2251 2166 concilia·

408 2192 492 2245 vit
547 2192 692 2263 apud
751 2191 916 2254 alios,
978 2210 1098 2247 cum
1153 2192 1401 2246 viderent
1440 2211 1543 2256 ea,
1608 2210 1748 2263 quae
1785 2193 1853 2246 de
1893 2210 1977 2246 me
2015 2192 2252 2247 narrantur

408 2276 536 2326 dans
574 2274 622 2327 le
660 2272 906 2327 Mer-cure
947 2274 1148 2327 Galant
1183 2275 1255 2327 du
1289 2275 1413 2327 mois
1448 2275 1514 2327 de
1535 2274 1729 2328 Juiuet
1752 2290 1805 2326 a.
1838 2274 2017 2337 1682,
2052 2270 2137 2343 qni
2156 2263 2249 2320 libri

407 2352 496 2407 hic
535 2351 888 2422 plurimorum
930 2352 1182 2407 manibus
1219 2357 1507 2413 teruntur-3
1556 2357 1611 2405 et
1649 2352 1751 2405 hoc
1787 2368 1951 2421 porro
1991 2350 2177 2410 effecit,
2202 2346 2288 2396 nt·

408 2432 542 2486 satis
583 2431 749 2485 libere
789 2431 876 2486 hic
906 2432 1022 2503 jam
1060 2432 1259 2485 studiis
1303 2430 1433 2485 meis
1470 2448 1663 2485 vacare
1703 2430 1884 2487 liceat.
1944 2430 2128 2501 (Vero)
2158 2438 2251 2481 cum

407 2519 650 2581 tempore
692 2511 795 2566 mei
832 2512 1363 2574 animadverterent,
1420 2512 1566 2581 quod
1605 2510 1733 2565 hinc
1770 2511 1957 2565 nullae
1998 2510 2249 2565 utilitates,

407 2597 554 2645 certe
609 2590 942 2662 impossibile
1000 2592 1139 2644 foret
1190 2608 1309 2645 mea
1348 2590 1533 2644 studia
1568 2591 1925 2652 continuare,
1988 2606 2141 2661 quum
2164 2584 2252 2655 iam

409 2671 568 2725 modo
627 2671 728 2725 hoc
776 2688 918 2723 anno
956 2675 1271 2734 tentarent,
1331 2676 1395 2723 ut
1432 2669 1797 2724 leviusculum
1836 2669 2031 2723 saltem
2067 2666 2253 2722 officium

410 2750 740 2821 acciperem,
795 2750 938 2821 quod
980 2749 1238 2804 salarium
1278 2750 1385 2803 300
1422 2748 1789 2819 imperialium
1828 2749 2025 2813 habet;
2079 2752 2127 2801 et
2154 2758 2253 2815 qma

409 2847 520 2883 non
577 2830 712 2882 adeo
767 2829 1131 2893 laboriosum,
1189 2829 1485 2884 credebant
1538 2828 1701 2884 facile
1756 2846 1843 2881 me
1899 2828 2000 2882 hoc
2058 2820 2253 2881 innoxiis

412 2908 546 2961 meis
599 2907 795 2963 studiis
832 2927 986 2979 posse
1025 2909 1325 2972 sustinere,
1382 2910 1476 2963 sed
1516 2909 1619 2963 hoc
1656 2906 1909 2962 absolute
1947 2906 2118 2977 rejeci.
2182 2898 2251 2953 Sic

411 2984 603 3039 itidem
642 2988 699 3040 in
737 2985 862 3040 aula
900 2988 1071 3041 nostri
1109 2986 1380 3041 Electoris
1416 2987 1565 3041 circa
1602 3004 1685 3039 me
1710 2986 1841 3057 quid
1872 2986 2177 3046 moliuntur,
2206 2981 2252 3031 ut

412 3063 482 3117 ab
519 3064 708 3119 amicis
745 3064 876 3120 mihi
914 3067 1144 3121 relatum
1167 3108 1182 3131 ,
1238 3070 1295 3119 et
1330 3066 1493 3121 credo
1531 3071 1593 3121 ut
1630 3066 1865 3137 praesim
1902 3064 2143 3137 operibns
2172 3076 2251 3115 me·
