2432 3554
1315 169 1430 225 160

850 343 1101 401 CAPUT
1136 345 1508 403 DECIMUM
1547 345 1879 402 SEXTUM.

1128 503 1207 541 DE
1243 503 1611 545 VOLUNTATE.

488 645 627 703 Cum
666 645 798 718 quid
838 643 1039 700 bonum
1068 644 1380 718 malumque
1406 663 1596 700 verum
1621 645 1927 717 falsumque
1954 645 2026 700 sit
2049 661 2279 716 cognove-

334 741 340 746 ·
416 723 587 779 rimus
644 729 806 796 atque
844 725 902 780 in
941 743 1048 797 qua
1086 742 1141 779 re
1182 725 1415 782 hominis
1451 726 1676 798 perfecti
1712 724 1974 780 valetudo
2011 723 2275 784 consistat,

412 807 629 876 tempus
644 804 759 876 jam
784 804 889 858 erit
910 804 979 858 ad
1000 809 1241 860 nostram
1261 805 1500 876 ipsorum
1523 805 1937 878 inquisitionem
1959 803 2275 866 transeundi,

414 883 747 956 videndique
786 901 915 938 num
953 883 1021 938 ad
1061 884 1228 938 talem
1265 882 1636 940 valetudinem
1676 884 1868 948 liberi,
1910 903 1980 939 an
2018 881 2274 938 necessarii

414 981 715 1020 veniamus,

484 1120 575 1174 Ad
621 1120 766 1191 quod
805 1136 1025 1176 necesse
1064 1125 1177 1183 est,
1239 1119 1544 1192 inquirere,
1603 1118 1736 1190 quid
1774 1121 1918 1191 apud
1959 1137 2049 1176 eos
2083 1119 2172 1191 qui
2203 1135 2278 1172 vo-

415 1199 687 1254 luntatem
726 1205 969 1271 ponunt,
1030 1199 1306 1255 Voluntas
1345 1201 1450 1263 sit,
1497 1203 1552 1254 et
1589 1217 1696 1272 qua
1733 1200 1792 1254 in
1829 1218 1886 1254 re
1925 1219 1959 1254 a
1996 1197 2278 1272 Cupiditate

416 1277 649 1334 differat.
746 1279 1123 1350 Cupiditatem
1162 1279 1396 1334 dicimus
1433 1279 1586 1335 illam
1624 1277 2037 1335 inclinationem
2078 1279 2274 1340 mentiS‚

410 1378 573 1432 quam
630 1360 793 1415 habet
848 1362 907 1416 in
962 1360 1105 1415 illud
1154 1360 1300 1433 quod
1356 1358 1556 1414 bonum
1597 1359 1784 1420 ducit:
1849 1360 1929 1414 ita
1967 1363 2029 1414 ut
2066 1357 2182 1413 inde
2215 1375 2276 1411 se-

411 1445 643 1513 quatur.
688 1441 832 1514 quod
873 1442 1189 1513 priusquam
1229 1440 1502 1512 cupiditas
1541 1443 1727 1494 nostra
1760 1442 1982 1494 externe
2009 1439 2075 1494 ad
2101 1433 2276 1507 aliquid

409 1521 635 1584 tendat,
696 1521 754 1575 in
806 1521 963 1576 nobis
1001 1519 1282 1576 conclusio
1319 1521 1466 1574 facta
1504 1519 1577 1574 sit
1613 1518 1722 1572 tale
1761 1519 1893 1590 quid
1933 1517 2127 1574 bonum
2163 1534 2273 1570 esse.

408 1603 568 1660 Quae
607 1599 891 1654 affirmatio
930 1598 1103 1670 igitur
1138 1597 1260 1661 vel,
1319 1596 1646 1668 generaliter
1685 1603 1895 1660 sumta,
1951 1598 2185 1670 potentia
2216 1597 2274 1650 af-

409 1679 660 1734 firmandi
701 1683 757 1734 et
794 1678 1031 1750 negandi
1070 1678 1348 1732 Voluntas
1385 1678 1701 1732 nominatur
1735 1679 1796 1746 ¹).

476 1758 601 1813 Jam
648 1759 820 1831 igitur
876 1759 1207 1824 videndum,
1267 1775 1398 1813 num
1436 1755 1722 1812 affirmatio
1760 1757 1867 1811 ista
1904 1755 2073 1813 libere
2108 1775 2174 1813 an
2203 1773 2271 1811 ne·

406 1840 644 1895 cessario
700 1858 733 1893 a
789 1839 945 1893 nobis
1002 1840 1127 1903 fiat,
1184 1838 1286 1893 hoc
1344 1840 1427 1891 est
1483 1854 1614 1893 num
1665 1836 1872 1909 aliquid
1926 1836 1994 1891 de
2031 1836 2271 1909 aliquare

411 1918 735 1973 affirmemus
794 1920 908 1974 sive
966 1937 1258 1990 negemus,
1311 1915 1466 1972 nulla
1516 1933 1615 1970 nos
1653 1920 1879 1971 externa
1916 1920 2140 1989 cogente
2172 1930 2270 1969 cau-

410 2016 499 2059 sa3
536 1997 649 2068 jam
687 2016 817 2053 vero
854 2016 885 2051 a
924 1998 1081 2052 nobis
1120 1997 1553 2052 demonstratum
1591 2002 1704 2060 est,
1747 2013 1858 2049 rem
1896 2013 1929 2049 a
1967 2014 2024 2051 se
2050 1998 2160 2067 ipsa
2181 2010 2266 2047 non

406 2075 767 2149 explicatam,
810 2076 1075 2148 cujusque
1114 2075 1410 2131 existentia
1447 2075 1516 2129 ad
1554 2075 1672 2145 ejus
1711 2074 2006 2130 essentiam
2041 2094 2144 2129 non
2174 2089 2265 2144 per-

407 2157 615 2221 tineat,
654 2157 959 2212 necessario
995 2173 1215 2211 causam
1255 2158 1536 2210 externam
1563 2156 1761 2210 habere
1787 2155 2021 2221 debere,
2061 2169 2267 2211 causam-

464 2410 513 2467 1)
576 2407 828 2464 Voluntas,
877 2422 959 2467 pro
1008 2406 1309 2453 affirmatione
1354 2412 1523 2463 sumta,
1574 2408 1668 2453 sive
1699 2406 1898 2465 decisio,
1947 2424 2001 2455 eo
2031 2424 2058 2454 a
2089 2422 2180 2453 vera
2207 2403 2272 2450 fide

405 2479 580 2536 differt,
630 2478 749 2537 quod
798 2477 853 2524 ad
900 2478 1010 2524 illud
1056 2478 1191 2525 etiam
1241 2494 1288 2524 se
1319 2478 1553 2535 extendat,
1601 2478 1718 2537 quod
1751 2494 1845 2525 non
1877 2494 1980 2526 vere
2011 2479 2164 2525 bonum
2191 2480 2267 2529 est,

400 2550 533 2609 idque
562 2550 662 2597 ideo
698 2550 803 2608 quia
834 2550 1065 2611 persuasio
1098 2566 1188 2595 nun
1223 2551 1330 2596 talis
1361 2556 1454 2607 est,
1503 2556 1554 2596 ut
1591 2550 1708 2596 clare
1741 2549 1946 2597 videatur
1977 2566 2066 2598 rem
2097 2565 2176 2595 non
2207 2544 2266 2592 ali-

405 2626 477 2667 ter
524 2636 621 2668 csse
667 2636 800 2681 posse
810 2638 825 2677 3
873 2621 941 2667 uti
992 2621 1100 2667 haec
1150 2620 1301 2668 omnia
1348 2620 1396 2666 in
1428 2636 1533 2667 vera
1566 2620 1650 2667 fide
1679 2620 1745 2667 ita
1776 2626 1883 2667 sunt
1914 2626 1960 2667 et
1992 2638 2085 2669 esse
2116 2618 2266 2670 debent,

400 2690 507 2750 quia
537 2705 591 2737 ex
622 2706 674 2737 ea
707 2705 799 2736 non
830 2691 921 2737 nisi
955 2691 1062 2737 boni
1094 2690 1320 2750 appetitus
1351 2691 1638 2751 proveniunt.

462 2761 537 2807 Ab
586 2759 800 2821 opinione
846 2776 952 2807 vero
1004 2761 1053 2806 in
1082 2774 1136 2805 eo
1169 2760 1343 2818 differt,
1389 2763 1506 2821 quod
1539 2763 1778 2821 aliquando
1812 2762 2060 2811 infallibilis
2091 2768 2265 2819 certaque

399 2846 497 2878 esse
544 2838 726 2895 posset3
776 2831 896 2889 quod
943 2830 991 2877 in
1024 2831 1268 2891 opinione,
1315 2848 1427 2891 quae
1453 2834 1730 2894 conjiciendo
1763 2840 1809 2881 et
1841 2834 2066 2896 opinando
2096 2834 2262 2883 constat,

394 2902 543 2947 locum
576 2916 667 2947 non
700 2901 849 2949 habet.

452 2976 529 3021 Ita
578 2980 629 3020 ut
676 2974 785 3019 fides
830 2957 983 3021 vocali
1033 2979 1207 3035 posset,
1257 2975 1402 3033 quoad
1435 2982 1556 3023 certa
1589 2980 1730 3034 esset,
1779 2975 1936 3037 opinio
1968 2980 2109 3023 autem
2138 2962 2260 3033 quoad

396 3044 539 3092 errori
570 3044 793 3105 subJecta.
