2432 3554
1054 187 1172 244 353

171 365 264 403 seu
314 347 461 419 quod
515 363 706 402 revera
758 346 1067 418 possident,
1127 352 1212 403 sat
1270 347 1404 404 bene
1441 347 1751 420 respiciant.
1822 347 1895 404 Et
1930 346 2059 419 quia

173 443 382 499 quoque
437 427 630 500 quanti
687 427 819 482 haec
877 427 988 483 sint
1037 429 1405 493 aestimanda,
1465 429 1748 500 ignorant,
1809 427 2053 492 laetitia,

171 523 328 578 qnam
385 523 502 562 eam
540 506 610 561 ob
647 524 760 562 rem
797 506 981 563 animo
1017 509 1368 580 concipiunt,
1410 513 1507 563 aut
1542 525 1652 563 non
1690 507 1796 562 nisi
1834 506 2057 578 puerilis

168 590 270 640 ‹aut
321 585 493 640 stulta
547 591 648 640 est.
725 585 969 642 Econtra
1023 587 1237 658 sapiens
1288 605 1396 643 non
1435 588 1673 643 attendit
1708 586 1813 642 sibi
1849 584 2059 658 aliquid

173 666 382 728 deesse,v
425 666 530 722 scit
565 665 711 720 enim
749 666 852 721 hoc
890 684 1146 738 perquam
1185 669 1553 723 necessarium
1590 685 1706 722 esse
1742 667 1799 721 in
1838 669 1961 722 ente
1998 667 2058 722 fi-

171 746 320 809 nito,
379 745 660 817 multoque
717 746 898 801 minus
955 751 1237 818 propterea
1280 748 1565 812 tristatur,
1620 765 1742 802 cum
1783 746 1917 801 bene
1952 747 2057 818 ipsi

174 828 514 896 perspectum
553 825 654 887 sit,
699 825 800 880 hoc
835 826 1014 897 ipsum
1053 825 1194 881 idem
1236 845 1352 882 esse
1391 845 1454 883 ac
1492 828 1538 882 si
1571 828 1908 889 tristaretur,
1953 830 2065 881 tres

174 904 402 976 angulos
438 905 498 960 in
531 904 810 976 triangulo
851 907 1072 976 aequari
1109 905 1323 962 duobus
1366 907 1544 964 rectiS.
1610 906 1715 962 Sed
1742 905 2072 983 praesentia·

175 985 338 1040 simae
393 984 514 1054 ejus
561 984 924 1056 cogitationes
963 988 1091 1040 sunt
1127 986 1273 1041 circa
1311 986 1453 1040 bona
1494 1003 1631 1058 quae
1668 985 1946 1056 possidet,
2003 1003 2066 1042 ac

176 1067 364 1138 quanti
403 1085 468 1121 ea
505 1067 617 1121 sint
653 1065 935 1130 facienda;
996 1083 1138 1138 quae
1173 1065 1541 1121 consideratio
1578 1066 1795 1120 nonnisi
1834 1065 2061 1120 solidam

177 1145 440 1201 laetitiam
468 1146 526 1200 in
565 1150 744 1200 mente
783 1146 904 1216 ejus
930 1149 1110 1216 potest
1134 1145 1389 1202 excitare.
1454 1184 1467 1199 .
1533 1189 1548 1202 .
1603 1145 1831 1215 Sapiens
1854 1163 2068 1217 quoque

177 1226 348 1282 multo
397 1224 614 1280 facilius
651 1243 778 1280 suas
815 1225 1092 1295 superabit
1131 1227 1439 1298 passiones„
1502 1227 1757 1298 quoniam
1793 1227 2072 1298 passiones

181 1321 386 1376 semper
424 1322 490 1359 ex
529 1304 670 1359 falso
703 1306 989 1376 supposito
1027 1305 1310 1369 oriantur:
1356 1308 1501 1378 quod
1538 1323 1660 1362 cum
1699 1306 1912 1377 abipso
1938 1307 2071 1362 bene

176 1385 498 1456 detegatur,
557 1401 658 1440 nec
693 1384 790 1439 ille
826 1384 965 1440 falso
1003 1388 1347 1458 acquiescat,
1391 1404 1453 1440 eo
1490 1387 1707 1442 facilius
1733 1405 1823 1440 eas
1850 1403 2067 1457 supera-

180 1467 289 1527 bit
338 1483 446 1538 quo
485 1465 716 1536 majores
753 1484 1072 1558 progressus
1109 1467 1166 1522 in
1205 1465 1567 1537 acquisitione
1603 1466 1852 1521 veritatis
1889 1465 2072 1522 fecitl’

263 1582 278 1597 .
357 1589 372 1604 .
449 1583 462 1598 .
737 1545 914 1610 „Tria
942 1547 1102 1600 haec:
1143 1545 1501 1617 sapientiam,
1542 1545 1831 1610 virtutem,
1871 1563 1935 1601 ac
1959 1545 2074 1600 ani-

179 1625 253 1679 mi
291 1623 754 1697 tranquillitatem
791 1627 1030 1696 perfecte
1067 1626 1126 1680 in
1163 1624 1319 1680 nullo
1362 1625 1576 1679 homine
1608 1626 1713 1679 nisi
1741 1625 2073 1696 conjunctim

183 1707 454 1771 existere,
495 1711 550 1760 et
588 1707 644 1761 in
687 1707 770 1762 his
808 1707 1020 1772 tribue,
1061 1706 1140 1761 ita
1165 1705 1511 1775 conjunctis,
1552 1722 1821 1759 summum
1849 1705 2081 1764 hominia

181 1786 416 1851 bonum,
479 1786 627 1859 quod
676 1787 734 1842 in
779 1787 880 1842 hac
919 1787 1009 1841 via
1047 1786 1287 1841 naturali
1330 1785 1595 1859 possideri
1633 1789 1845 1857 potest,
1898 1785 2078 1841 ¹solum

179 1860 550 1930 consistere?
589 1866 1046 1922 Tschirnhausius
1088 1865 1355 1939 Spinozae
1381 1866 1613 1936 vestigia
1637 1870 1887 1925 secutus.
1927 1865 2078 1924 dicit.

251 1946 446 2016 Neque
485 1947 665 2001 minus
703 1964 864 2018 quam
903 1946 961 2003 in
990 1946 1162 2017 prima
1189 1946 1354 2000 hacce
1383 1951 1561 2017 parte,
1603 1944 1657 1999 in
1687 1944 1925 1998 secunda
1950 1962 2080 2016 quo-

185 2042 293 2097 qne
332 2029 524 2081 auctor
561 2026 870 2099 philosophi
904 2028 1195 2097 praecepta
1232 2023 1467 2079 fideliter
1492 2023 1778 2079 admodum
1806 2023 2077 2088 adhibuit,

183 2105 280 2160 ubi
331 2122 526 2176 nempe
580 2125 688 2170 „ea
731 2124 878 2178 -quae
934 2122 1064 2159 vera
1112 2108 1279 2167 sunt,
1338 2120 1547 2174 semper
1582 2103 1983 2174 simplicissima
2018 2120 2083 2159 ac

184 2183 416 2255 proinde
473 2185 760 2240 intellectu
813 2202 1033 2257 quoque
1071 2184 1336 2239 facillima
1374 2181 1525 2237 esse'’
1564 2182 1755 2238 scribit
1769 2223 1787 2249 ,
1843 2187 1900 2237 et
1936 2183 2081 2248 „fal-

185 2266 406 2321 sitatem
444 2266 502 2320 in
541 2284 604 2319 eo
641 2266 974 2321 consistere’'
1011 2265 1185 2328 dicti,
1231 2263 1425 2335 „quod
1464 2281 1572 2318 non
1610 2268 1791 2335 potest
1826 2262 2073 2335 concipi,

186 2346 478 2400 veritatem
535 2348 592 2401 in
651 2366 716 2402 eo
771 2348 919 2421 quod
975 2343 1190 2417 concipi
1231 2341 1462 2415 potest.'’
1535 2342 1959 2399 Tschirnhausio
2000 2344 2083 2399 uti

187 2427 460 2497 Spinozae
500 2428 818 2498 „affirmare
856 2432 912 2483 et
949 2446 1138 2499 παραφε
1173 2422 1315 2478 nihil
1354 2423 1504 2477 aliud
1537 2440 1699 2495 quam
1724 2440 1886 2477 voces
1910 2429 2085 2479 exter-

191 2524 333 2565 nae,
399 2504 599 2577 quibus
655 2508 961 2563 indicamus
1008 2526 1107 2562 nos
1155 2505 1364 2576 aliquid
1418 2506 1629 2559 interne
1684 2524 1779 2559 seu
1817 2505 1874 2560 in
1904 2512 2092 2562 ,mente

198 2584 292 2639 vei
331 2601 489 2654 posse
527 2584 618 2637 vel
653 2602 763 2640 non
803 2603 960 2656 posse
998 2582 1335 2657 concipere.'’
1395 2585 1631 2655 Sceptici
1668 2586 1716 2639 ei
1770 2590 1878 2648 „ut
1914 2602 2093 2640 amen-

197 2672 288 2719 tes
325 2662 745 2718 considerandi'’
782 2665 1059 2723 videntur.
1095 2664 1388 2738 Duplicem
1428 2682 1586 2735 porro
1621 2665 1679 2719 in
1718 2663 1933 2718 homine
1970 2682 2094 2736 cog-

194 2742 462 2799 noscendi
499 2742 815 2797 facultatem
855 2745 1184 2816 distinguit,
1225 2746 1530 2799 intellectum
1567 2762 1641 2799 sc.
1684 2749 1739 2797 et
1774 2746 2095 2815 imaginatio-

195 2838 340 2883 nem,
384 2839 546 2893 quam
585 2826 914 2894 postremam
953 2841 1110 2887 „non
1149 2826 1227 2878 ita
1267 2842 1298 2878 a
1340 2831 1536 2878 natura
1574 2828 1758 2878 nostra
1795 2824 2095 2895 dependere

201 2920 270 2958 ac
328 2900 600 2973 priorem''
639 2902 808 2963 dicit:
867 2901 1011 2967 „nbi
1052 2903 1195 2957 enim
1240 2904 1526 2959 intellectu
1564 2906 1824 2977 quaedam
1864 2908 2098 2978 concipi-

200 2998 330 3035 mus
379 2981 465 3036 vel
505 2982 790 3053 concipere
829 2998 939 3036 non
977 2998 1298 3053 possumne,
1363 3004 1427 3039 ea
1464 2985 1644 3039 omnia
1681 2984 1837 3056 quasi
1874 3004 1905 3039 a
1944 2988 2099 3041 nobis

198 3062 344 3132 ipsis
380 3063 565 3133 peragi
603 3062 890 3125 videntum
944 3068 1000 3116 at
1035 3078 1132 3133 per
1171 3064 1310 3119 hanc
1356 3066 1741 3135 posteriorem,
1786 3066 1967 3121 omnia
2003 3084 2095 3138 po-
