2432 3554
1260 159 1379 218 312

371 320 596 375 veniens
653 319 917 392 cujusque
971 320 1343 392 apographum
1397 319 1661 376 benevola
1696 317 1855 376 Fred.
1891 319 2112 381 Mulleri
2144 336 2237 374 ma·

372 417 476 454 nus
516 398 645 453 mihi
685 400 1005 456 transmisit.

438 477 894 535 Tschirnhausius
949 497 1094 534 anno
1152 480 1291 534 1651
1335 479 1397 536 in
1430 477 1566 534 villa
1603 479 1773 548 patris
1809 477 2239 550 Kisslingswalds

370 565 564 619 natus.
608 558 830 629 juvenis
867 559 1086 614 circiter
1121 559 1324 630 viginti
1360 576 1626 614 annorum
1664 557 2019 612 Hollandiam
2056 557 2238 630 profec-

371 643 462 692 tus
505 644 654 703 erat,
693 639 772 692 rei
811 638 1071 699 militari,
1113 639 1196 693 uti
1234 639 1483 704 videtur,
1524 655 1741 709 operam
1780 638 2030 692 daturus·
2096 636 2238 692 Auno

371 717 514 776 1674
567 716 964 772 Amstelodami
1015 737 1138 772 eum
1177 719 1475 790 reperimus
1514 717 1713 771 studiis
1749 715 2133 788 philosophicis
2164 731 2237 769 oc·

371 803 662 869 cupatum‚
722 802 778 853 et
831 798 1048 870 collegii
1105 799 1402 870 Spinozani
1458 798 1726 853 sociorum
1772 795 2092 852 commercio
2124 812 2235 865 gau·

371 878 608 932 dentem.
685 878 1067 934 Cartesianum
1125 897 1182 934 se
1219 878 1375 933 nobis
1411 878 1636 950 praebet
1673 879 1731 932 in
1769 875 2035 948 epistola,
2090 874 2235 946 ipsius

371 975 537 1014 causa
594 977 662 1015 m.
711 958 834 1016 Oct.
873 959 961 1014 die
998 961 1061 1014 8³
1097 977 1130 1014 a
1167 957 1447 1014 Schallero
1484 957 1552 1012 ad
1593 957 1885 1028 Spinozam
1920 956 2110 1016 missa,
2158 952 2235 1006 ubi

369 1040 428 1093 in
483 1037 802 1110 quaestione
857 1040 924 1092 de
980 1038 1239 1094 libertate
1294 1037 1573 1103 „Cartesii
1618 1037 1925 1091 sententiae
1960 1034 2233 1090 absolutam

369 1117 656 1171 veritatem
723 1115 1063 1188 competere’'
1108 1118 1247 1173 dicit
1268 1119 1335 1186 ²).
1388 1115 1565 1171 Paulo
1602 1120 1725 1187 post
1760 1115 1939 1186 ipsum
1978 1114 2231 1186 Spinonem

373 1197 489 1251 sive
541 1196 734 1268 Hagae
771 1197 1046 1252 Comitum
1086 1199 1203 1252 slve
1239 1197 1349 1266 (uti
1387 1195 1722 1268 probabilius
1759 1196 2015 1263 fortasse)
2050 1193 2229 1248 Amste·

375 1276 578 1332 lodami
615 1277 787 1342 vidit,
847 1278 940 1348 qui
981 1295 1281 1348 „praesens
1318 1277 1422 1346 (ei)
1460 1275 1771 1331 methodum
1810 1275 2103 1338 indicavit,
2148 1289 2229 1344 qua

378 1357 436 1410 in
477 1355 802 1426 indagandis
829 1357 1062 1412 necdum
1086 1358 1325 1428 cognitis
1350 1356 1739 1418 veritatibus‚”
1780 1355 2068 1419 utebatur,
2104 1369 2223 1426 quam

371 1435 734 1501 „methodum
775 1435 933 1490 valde
969 1436 1389 1508 praecellentem
1428 1439 1485 1490 et
1522 1439 1707 1490 tamen
1743 1434 1905 1490 valde
1930 1433 2219 1490 facilem”se

369 1519 651 1586 expertum
709 1532 858 1579 esse,
916 1515 976 1570 in
1031 1534 1117 1587 ep.
1178 1516 1354 1587 primo
1403 1516 1535 1570 anni
1574 1515 1859 1587 sequentis·
1894 1517 2065 1572 mensi
2100 1514 2217 1569 data.

368 1595 591 1652 fatetur.
615 1597 639 1630 ³
686 1595 849 1654 Mox.
895 1600 1034 1650 teste
1073 1595 1386 1663 Schallero,
1426 1596 1719 1668 Spinozam
1747 1597 2043 1661 „intimius
2068 1597 2115 1650 ei
2136 1609 2223 1664 spe·

369 1674 542 1729 ruisse
600 1673 851 1729 sensum'’
897 1675 1039 1730 dixit
1075 1677 1118 1729 4.
1196 1675 1538 1731 Versabatur
1580 1681 1713 1732 tunc
1750 1677 1810 1732 in
1846 1676 2031 1732 Gallia
2052 1718 2065 1740 ,
2120 1691 2224 1747 quo.

367 1755 642 1810 mensibus
699 1754 911 1828 aliquot
953 1755 1011 1812 in
1055 1755 1263 1828 Anglia
1302 1756 1572 1829 peractis,
1630 1774 1687 1811 se
1726 1757 2065 1814 contulerat:
2108 1754 2229 1825 cujus

367 1835 581 1889 itineris
633 1835 778 1890 idem
834 1853 934 1890 nos
989 1836 1255 1891 certiores
1312 1837 1493 1891 reddit
1543 1836 1858 1893 Schallerus
1906 1838 1967 1893 in
2007 1847 2229 1907 utraque.

354 1932 529 1987 >quam
561 1915 674 1985 jam
713 1915 1119 1981 exhibebimus,
1159 1917 1411 1988 epistola.
1448 1916 1519 1971 In
1554 1916 1764 1987 Anglia
1801 1934 1925 1973 cum
1965 1916 2229 1974 oldenbur-

368 1995 462 2066 gio
498 2000 554 2050 et
589 1995 786 2066 Boylio
823 1997 1035 2059 fuerat,
1076 2013 1309 2068 quorum
1347 1996 1457 2065 (uti
1490 1995 1605 2067 jam
1638 1996 2025 2066 dicebamus),
2034 1997 2117 2061 ‚de
2142 1992 2231 2063 Spi-

369 2092 538 2129 nozae
589 2092 820 2146 persona
877 2075 1072 2130 mirum
1127 2076 1489 2148 conceptum”
1547 2094 1578 2129 e
1613 2075 1879 2131 Tractatu
1916 2075 2231 2147 Theologiec-

369 2154 605 2247 politico
620 2156 914 2210 oriundum
941 2155 1298 2221 ‚'’‚ademerat
1317 2174 1332 2219 ;
1374 2155 1433 2211 in
1456 2154 1670 2218 Gallia,
1700 2156 2004 2212 Christiani
2024 2150 2233 2226 fingenii

371 2235 637 2308 imprimis
663 2252 830 2300 cura,
860 2235 1103 2291 Colberti
1129 2236 1287 2292 filio·
1270 2254 1329 2291 111
1356 2234 1770 2290 Mathematicis
1794 2236 2095 2291 instructor
2111 2233 2237 2287 datus

367 2322 484 2375 est:
543 2315 744 2371 ibidem
784 2319 840 2369 et
874 2314 1248 2371 Leibnitzium
1286 2314 1582 2386 cognovit,
1632 2314 1793 2386 cujus
1829 2316 2031 2371 deinde
2065 2313 2235 2368 amicus

371 2395 784 2467 studiorumque
838 2395 1017 2450 factus
1071 2401 1157 2449 est
1210 2412 1391 2450 comes
1433 2396 1637 2467 quique
1677 2400 1750 2461 (a.
1788 2396 1959 2469 1708)
1998 2399 2231 2449 mortuum

428 2548 476 2605 1)
508 2546 646 2594 Quod
688 2546 737 2591 in
768 2546 902 2592 hacce
933 2545 1124 2606 epistola
1155 2546 1212 2592 ad
1245 2546 1368 2593 illam
1400 2546 1455 2593 de
1484 2545 1664 2593 infinito
1698 2545 1835 2607 (apud
1866 2545 2009 2593 Brud.
2042 2540 2231 2595 XXIXm)

367 2643 426 2653 --
461 2631 572 2675 quae
601 2616 658 2663 ad
689 2616 924 2677 Meyerum
956 2618 1172 2678 inscripta
1203 2624 1273 2664 est
1308 2644 1365 2651 —
1398 2624 1633 2677 provocet,
1668 2618 1735 2663 nil
1767 2616 1917 2664 efficit.
1981 2616 2121 2665 Quam
2144 2611 2233 2659 euim

370 2687 448 2747 Sp.
481 2688 529 2734 in
563 2688 641 2735 illa
672 2687 883 2735 tractavit
915 2688 1116 2746 quaestio
1149 2704 1178 2735 a
1208 2688 1347 2735 sociis
1378 2688 1867 2737 Amstelodamensibus
1894 2688 2094 2735 omuibus
2120 2682 2236 2747 potius

366 2758 564 2819 profecta
594 2757 796 2805 habenda
814 2764 910 2815 est,
946 2758 1251 2819 Spinozaeque
1278 2760 1419 2819 igitur
1435 2761 1667 2822 responsio
1684 2761 1739 2807 ad
1756 2776 1835 2807 eos
1851 2776 1992 2819 aeque
2006 2754 2230 2820 generaliter

370 2828 537 2889 scripta
567 2830 680 2887 suit,
713 2832 840 2889 cnjus
870 2828 1028 2875 deinde
1059 2834 1104 2875 et
1135 2830 1531 2881 Tschirnhausium
1567 2834 1830 2895 participem
1864 2832 2147 2880 reddiderunt.

432 2900 482 2956 2)
513 2898 628 2944 Vide
659 2915 729 2960 ep.
763 2899 899 2946 Brud.
931 2899 1110 2947 Lxlm.

438 2970 487 3026 3)
519 2968 624 3014 llud
653 2985 722 3028 ep.
755 2968 972 3017 LXIIIa.

431 3040 484 3095 4)
514 3036 630 3083 Vide
672 3054 801 3097 quam
832 3040 1090 3100 adiiciamus
1122 3058 1198 3104 ep.
1236 3042 1453 3091 Schasseri
1484 3044 1525 3090 d.
1560 3046 1653 3091 258
1682 3044 1785 3105 Julij
1817 3046 1963 3095 ’1675-
