2432 3554
1296 194 1414 254 208

406 340 550 395 sario
588 338 830 410 pendent
864 355 900 394 a
932 338 1202 411 qualitate
1240 356 1419 395 rerum
1456 337 1784 412 quibuscum
1821 340 1956 397 unio
1987 338 2150 396 locum
2175 336 2243 393 ha·

413 420 517 477 bet.
589 419 832 481 Quando
867 419 1040 491 igitur
1076 420 1305 477 effectus
1340 419 1468 475 illos
1504 421 1862 492 percipimus,
1905 437 2082 475 revera
2108 419 2246 473 dicere

406 516 694 570 possumus
752 516 853 555 nos
913 518 1031 554 esse
1068 503 1440 572 ‘regeneratos
1511 500 1697 556 Prima
1734 501 1879 556 enim
1918 507 2094 555 nostra
2123 514 2244 570 geue-

406 580 547 635 ratio
602 584 721 635 erat
759 580 852 634 ubi
891 597 1017 636 cum
1054 596 1280 651 corpore
1319 579 1675 643 uniebamur,
1733 598 1842 652 qua
1880 580 2016 635 tales
2049 580 2246 635 actiones

407 659 808 732 spirituumque
864 664 1045 715 motus
1096 660 1458 723 exstiterunt:
1509 660 1682 717 altera
1720 666 1904 715 autem
1944 660 2124 715 haecce
2154 672 2248 712 nos·

406 743 491 795 tra
528 739 809 811 generatio
846 741 940 804 fit,
990 740 1213 811 quando
1250 739 1388 794 alios
1425 740 1647 795 omnino
1683 734 1886 795 amoris
1923 739 2157 801 effectus,
2189 754 2251 791 se-

406 820 648 875 cundum
704 820 1011 891 incorporei
1068 819 1234 889 hujus
1287 818 1489 890 objecti
1545 821 1914 893 cognitionem
1936 859 1951 882 ‚
2023 821 2077 874 iu
2126 816 2251 872 nobis

405 901 767 971 percipimus,
808 903 1131 971 tantumque
1168 918 1200 953 a
1239 901 1415 970 priore
1453 899 1742 964 differunt,
1784 903 2048 971 quantum
2085 905 2188 954 nter
2209 914 2252 951 se

405 979 665 1034 differunt
702 996 1020 1051 corporeum
1057 980 1578 1051 incorporeumque,
1616 998 1768 1035 mens
1807 984 1864 1035 et
1890 996 2094 1050 corpus,
2125 981 2252 1039 Quae

407 1061 578 1131 igitur
625 1078 753 1115 vere
786 1061 1043 1131 justeque
1079 1060 1420 1130 regeneratio
1457 1078 1521 1115 eo
1559 1061 1732 1131 magis
1770 1061 2124 1122 nominanda,
2170 1074 2254 1129 quo

409 1159 476 1196 ex
531 1158 712 1195 amore
766 1145 821 1195 et
875 1140 1077 1196 unione
1136 1139 1251 1195 illis
1287 1144 1548 1211 sequatur
1583 1146 1806 1196 aeterna
1843 1137 2254 1208 inmutabilisque

413 1219 687 1275 stabilitas
710 1262 724 1283 ‚
768 1220 851 1275 uti
872 1219 1258 1295 ostendemus.

778 1963 1027 2020 CAPUT
1064 1963 1503 2020 VIOESIMUM
1537 1962 1909 2020 TERTIUM.

939 2139 1017 2176 DE
1052 2139 1235 2178 ANIMI
1271 2137 1768 2178 IMMORTALITATE.

466 2280 657 2341 Quum
712 2283 922 2335 attente
979 2282 1386 2338 consideramus
1439 2279 1699 2352 quidnam
1753 2295 1906 2332 mens
1943 2276 2016 2332 sit
2049 2279 2101 2330 et
2136 2269 2253 2326 unde

398 2361 630 2414 mutatio
686 2361 1011 2433 duratioque
1077 2363 1195 2432 ejus
1233 2363 1508 2424 oriantur,
1568 2359 1728 2415 facile
1764 2356 2096 2420 videbimus,
2147 2363 2252 2405 num

400 2440 646 2496 mortalis
684 2459 755 2496 au
790 2441 1115 2496 immortalis
1145 2443 1234 2499 sit.

466 2522 711 2576 Mentem
751 2521 922 2592 igitur
958 2521 1274 2577 dicebamus
1310 2538 1428 2575 esse
1464 2520 1642 2574 ideam
1679 2519 1738 2573 in
1776 2535 1833 2572 re
1874 2518 2164 2590 cogitante,
2200 2523 2255 2562 ex

396 2601 474 2654 rei
534 2618 673 2672 quae
729 2601 786 2656 in
842 2605 1042 2656 natura
1095 2606 1181 2656 est
1234 2601 1472 2656 essentia
1527 2606 1723 2655 ortam.
1799 2598 1964 2654 Unde
2009 2595 2252 2668 sequitur,

394 2681 539 2751 quod
597 2681 681 2736 uti
738 2681 816 2736 rei
872 2681 1107 2736 mutatio
1156 2681 1483 2752 duratioque
1520 2680 1720 2735 mentis
1756 2680 1922 2734 etiam
1961 2676 2179 2733 mutatio
2210 2671 2257 2722 et

395 2761 614 2827 duratio
664 2761 799 2815 erit:
852 2762 1165 2816 notavimus
1200 2766 1483 2830 praeterea
1519 2765 1754 2814 mentem
1792 2759 1939 2815 uniri
1977 2773 2124 2830 posse
2158 2751 2255 2807 sive

398 2855 522 2894 cum
578 2855 802 2911 corpore
856 2838 1018 2910 cujus
1065 2841 1189 2896 idea
1231 2845 1316 2895 est
1352 2841 1466 2896 sive
1504 2855 1628 2895 cum
1665 2838 1820 2902 Deo,
1884 2839 2002 2894 sine
2035 2850 2138 2908 quo
2171 2841 2255 2884 nec
