2432 3554
1282 187 1398 246 144

387 366 596 406 mor-sum
632 347 998 407 conscientiae
1025 349 1258 414 attinet,
1298 348 1387 406 hic
1413 348 1540 404 inde
1567 352 1782 404 tantum
1809 351 2084 421 provenit,
2121 347 2268 422 quod'

390 431 655 486 faciamus
710 429 920 502 aliquid
975 430 1043 485 de
1099 448 1207 502 quo
1246 428 1562 485 dubitamus
1599 447 1730 484 num
1771 428 1970 486 bonum
2007 428 2264 486 malumve

389 511 491 574 sit;
532 516 588 564 et
611 510 755 581 quod
782 509 849 565 ad
872 511 1265 583 poenitentiam,
1304 507 1403 565 illa
1426 508 1555 562 inde
1582 507 1859 573 nascitur,
1899 510 2042 582 quod
2067 508 2268 580 aliquid
2387 525 2389 596 χ

392 589 522 646 mali
559 590 869 646 fecerimus.
2387 601 2389 604 ⁴

460 669 807 742 Quamquam
841 669 953 740 jam
990 669 1221 739 cogitari
1257 674 1469 740 posset,
1532 687 1766 724 morsum
1806 668 1963 724 illum
1999 669 2270 726 conscien-

388 752 499 806 tiae
538 749 1035 822 poenitentiamque
1074 748 1276 803 multos
1301 748 1544 804 homines
1570 749 1780 804 ratione
1807 768 1966 815 nece,
2005 749 2093 818 sed
2120 747 2274 820 (quia

389 831 663 887 interdum
704 829 921 884 habitus
960 828 1053 884 ille
1092 829 1302 884 ratione
1340 830 1476 884 bene
1516 830 1704 884 utendi
1743 829 1856 885 inis
1895 828 2070 898 deest)
2124 829 2272 883 aber-

391 919 605 973 ranteS,
654 912 711 964 in
751 913 953 965 rectam
992 910 1136 964 viam
1174 910 1430 964 reducere
1468 927 1653 980 posse3
1693 915 1749 964 et
1785 927 2110 982 quamquam
2145 908 2274 964 inde
2389 862 2391 976 1

389 990 715 1047 concludere
754 989 943 1045 liceret
980 990 1089 1060 (uti
1127 1007 1314 1044 omnes
1343 989 1580 1057 faciunt)
1619 987 1743 1043 illos
1786 988 1952 1044 bonos
1979 1006 2127 1052 esse;
2165 987 2276 1044 alia

391 1069 614 1125 omnino
650 1067 861 1123 ratione
897 1085 984 1122 res
1015 1086 1072 1123 se
1098 1067 1288 1129 habet,
1329 1069 1460 1140 qnia
1482 1069 1788 1123 videbimus
1813 1067 1940 1124 illos
1966 1087 2075 1124 non
2101 1067 2276 1124 solum

390 1167 500 1205 non
540 1148 710 1203 bonos
746 1165 894 1210 esse,
936 1147 1030 1202 sed
1066 1148 1229 1202 etiam
1270 1165 1462 1204 nocere
1499 1149 1728 1220 ideoque
1764 1149 1936 1206 malos
1973 1167 2104 1205 esse.
2173 1147 2278 1204 Pa-

388 1234 471 1284 tet
526 1228 671 1282 enim
724 1244 823 1282 nos
879 1245 1087 1301 semper
1140 1227 1390 1284 veritatis
1444 1227 1628 1300 potius
1679 1246 1859 1284 amore
1895 1247 2057 1302 quam
2097 1247 2278 1284 morsu

390 1307 757 1365 conscientiae
821 1307 1262 1379 poenitentiaque
1325 1307 1526 1365 reduci.
1599 1307 1766 1363 Noxii
1823 1310 2058 1380 malique
2114 1314 2276 1373 sunt,

390 1388 521 1460 quia
576 1387 839 1459 quaedam
896 1387 1155 1441 tristitiae
1210 1389 1416 1458 species
1461 1393 1619 1450 sunt.
1679 1389 1838 1458 cujus
1875 1388 2276 1444 incommodum

389 1473 551 1522 antea
601 1467 1028 1522 demonstratum
1087 1470 1203 1531 est,
1259 1485 1486 1539 eamque
1535 1472 1808 1540 tamquam
1847 1468 1958 1524 tale
1996 1486 2190 1525 cavere
2225 1473 2281 1523 et
2392 1493 2393 1540 3

388 1551 445 1601 et
481 1548 655 1601 vitare
690 1545 963 1600 debemus.
2391 1547 2393 1550 ⁴

938 2342 1189 2399 CAPUT
1239 2344 1728 2402 UNDECIMUM.

976 2516 1051 2555 DE
1088 2516 1385 2556 mmmmm
1421 2518 1492 2556 ΕΤ
1525 2517 1684 2558 ³000.

464 2660 657 2719 Irrisio
696 2664 753 2715 et
786 2660 955 2716 Jocus
992 2660 1130 2716 false
1166 2662 1419 2734 opinione
1457 2662 1742 2725 nituntur,
1782 2666 1945 2735 atque
1971 2662 2026 2717 in
2054 2662 2289 2725 irrisore

392 2747 450 2799 et
477 2742 665 2815 jocoso
703 2741 1163 2813 imperfectionem
1203 2743 1557 2814 patefaciunt.
1605 2739 1768 2797 Falsa.
1805 2742 2059 2797 nituntur
2095 2748 2284 2817 opini-

395 2841 524 2886 one,
566 2818 697 2893 quia
733 2823 959 2891 putatur
994 2820 1089 2876 ille
1126 2821 1215 2879 cui
1255 2822 1513 2879 irridetur
1545 2822 1720 2893 prima
1743 2820 2020 2877 actionum
2047 2840 2283 2885 suarum

390 2919 557 2961 causa
603 2918 751 2967 esse,
810 2918 987 2975 neque
1023 2920 1114 2958 eas
1151 2902 1261 2973 (uti
1298 2905 1479 2959 cetera
1513 2902 1570 2957 in
1608 2906 1828 2968 natura)
1866 2921 1899 2959 a
1933 2902 2052 2959 Deo
2091 2921 2287 2965 neces·
