2432 3554
1309 148 1426 205 222

821 306 1076 365 CAPUT
1114 306 1556 365 VICESIMUM
1590 306 1920 365 SEXTUM.

1044 482 1119 521 nu
1156 480 1309 521 VERA
1345 482 1688 521 mazaram-n.

495 624 881 680 Praecedentis
920 623 1119 695 capitis
1155 624 1524 695 propositione
1561 641 1670 679 non
1701 623 1878 679 solum
1905 624 2177 679 ostendere
2199 639 2270 676 vo·

428 704 663 770 luimus,
691 703 955 759 Diabolos
981 721 1090 758 non
1116 720 1235 758 esse
1251 746 1266 767 ,
1295 720 1422 758 vero
1447 704 1612 757 etiam
1637 720 1834 759 causas
1859 704 1974 758 sive
2000 703 2204 771 (melius
2227 705 2273 755 ut

430 782 701 849 dicamus)
722 782 865 839 illud
892 782 1036 854 quod
1064 786 1288 853 peccata
1312 782 1656 839 nominamus
1668 820 1688 847 ‚
1712 801 1854 855 quae
1881 801 1982 841 nos
2007 782 2274 856 impediunt

427 864 719 935 quominus
774 862 845 917 ad
889 862 1276 933 perfectionem
1315 866 1552 917 nostram
1591 864 2002 934 perveniamus,
2060 864 2115 921 in
2145 856 2274 917 nobis

428 945 563 1016 ipsis
598 962 735 999 esse.
789 943 861 999 In
896 942 1346 1014 praecedentibus
1381 961 1595 1015 quoque
1621 942 2138 1007 demonstravimus,
2171 958 2274 1013 quo-

431 1024 591 1078 modo
627 1027 823 1095 quarta
858 1023 1189 1093 cognitionis
1210 1024 1392 1093 specie
1415 1025 1486 1077 ad
1514 1023 1904 1078 beatitudinem
1931 1026 2160 1079 nostram
2181 1037 2276 1093 per·

428 1105 739 1166 veniamus,
796 1108 855 1157 et
890 1104 1169 1174 passiones
1225 1103 1608 1165 destruantur;
1669 1120 1780 1159 non
1817 1102 1932 1165 ita.
1969 1108 2036 1157 ut
2069 1118 2269 1158 commu·

428 1184 573 1239 niter
621 1183 859 1245 dicitur,
900 1182 1046 1255 quod
1082 1199 1276 1251 nempe
1315 1180 1701 1252 supprimenda
1737 1181 1882 1247 sint,
1921 1186 2194 1253 antequam
2222 1178 2276 1235 ad

428 1263 795 1333 cognitionem
832 1267 890 1317 et
926 1278 1160 1317 amorem
1199 1261 1303 1318 Dei
1341 1261 1624 1333 pervenire
1649 1262 1938 1331 possimus.
1981 1260 2140 1322 Quod
2159 1259 2276 1318 idem

432 1348 545 1407 est,
602 1360 667 1397 ac
705 1342 751 1398 si
788 1342 1011 1413 quidam
1050 1342 1308 1411 ignoraus
1345 1342 1519 1413 primo
1557 1340 1924 1410 ignorantiam
1961 1359 2112 1399 suam
2140 1340 2274 1412 depo-

431 1438 559 1477 nere
613 1422 865 1485 deberet,
924 1426 1218 1493 antequam
1273 1420 1341 1475 ad
1385 1421 1755 1493 cognitionem
1793 1422 2072 1491 pervenire
2107 1424 2274 1491 posset.

432 1503 571 1557 Cum
616 1518 745 1555 vero
782 1500 899 1555 sola
936 1501 1181 1571 cognitio
1215 1518 1404 1557 earum
1440 1501 1832 1559 destructionis
1867 1517 2034 1559 nausa
2065 1502 2162 1563 sit,
2212 1498 2275 1553 uti

432 1598 499 1635 ex
536 1580 789 1635 omnibus
826 1598 965 1652 quae
1002 1580 1342 1645 dicebamus,
1403 1584 1584 1653 patet:
1645 1582 1728 1637 ita
1763 1599 1832 1637 ex
1867 1580 2274 1653 praecedentibus

432 1660 581 1715 clare
604 1659 985 1715 deducendum
1010 1664 1095 1715 est
1111 1703 1124 1722 ‚
1158 1662 1430 1733 quomodo
1453 1662 1573 1719 sine
1597 1663 1804 1718 virtute
1823 1704 1838 1725 ‚
1868 1662 1984 1717 sive
2009 1664 2094 1730 (ut
2118 1659 2274 1716 melius

432 1740 706 1810 dicamus)
738 1742 863 1795 sine
898 1739 1215 1798 intellectus
1252 1740 1550 1798 directione
1587 1742 1772 1799 omnia
1809 1742 1868 1798 in
1893 1740 2273 1800 destructionem

432 1824 683 1884 vertant,
740 1825 797 1875 et
832 1820 989 1875 nulla
1024 1820 1207 1892 quiete
1244 1821 1350 1877 frui
1387 1823 1660 1892 possimus
1677 1863 1692 1886 ,
1733 1825 1790 1876 et
1825 1822 1981 1893 quasi
2019 1825 2160 1876 extra
2189 1822 2272 1874 ele·

432 1903 677 1954 mentum
731 1903 979 1955 nostrum
1034 1901 1306 1957 vivamus.
1380 1901 1471 1956 Ita
1527 1905 1620 1965 ut,
1677 1900 1932 1972 quamvis
1981 1905 2036 1956 et
2067 1898 2270 1958 intellec·

432 1982 549 2043 tui‚
608 1982 691 2035 uti
720 1979 1101 2044 ostendimus,
1160 1981 1492 2052 cognitionis
1527 1981 1812 2052 divinique
1847 1981 2046 2038 amoris
2079 1980 2158 2046 vi,
2187 1994 2274 2032 nou

432 2066 685 2125 aeterna,
748 2061 842 2116 sed
892 2059 1207 2131 temporalis
1255 2064 1471 2116 tantum
1507 2061 1663 2132 quies
1699 2064 2143 2132 consequeretur.
2187 2054 2273 2110 offi-

430 2141 579 2198 cium
636 2144 881 2195 nostrum
936 2145 1022 2195 est
1072 2145 1133 2196 et
1186 2139 1326 2196 hanc
1380 2158 1637 2213 quaerere
1657 2179 1678 2206 ,
1733 2141 1864 2212 quia
1919 2140 2048 2196 talis
2100 2151 2274 2210 quoque

430 2225 548 2286 est,
605 2226 668 2275 ut
720 2238 787 2274 ea
834 2221 1083 2276 fruentes
1103 2261 1118 2284 ‚
1174 2219 1348 2276 nullis
1397 2220 1526 2278 aliis
1582 2219 1771 2276 mundi
1821 2218 1986 2278 rebus
2019 2235 2130 2274 eam
2159 2223 2271 2272 com·

436 2306 647 2356 mutare
682 2300 965 2356 vellemus.

503 2930 666 2990 Quod
708 2947 830 2986 cum
868 2931 948 2986 ita
990 2931 1094 2994 sit,
1139 2949 1388 3002 magnam
1425 2935 1646 2988 omnino
1683 2933 2070 2991 absurditatem
2110 2928 2265 2988 habere
2357 2939 2359 2948 ¹

442 3014 699 3079 putamus
717 3047 737 3075 ‚
804 3009 947 3082 quod
1002 3009 1202 3076 multi,
1259 3011 1440 3083 magni
1494 3017 1734 3069 ceterum
1781 3009 2042 3087 Theologi
2094 3006 2262 3069 habiti,
