2432 3554
1257 133 1332 190 66

345 301 578 354 stratum
619 299 703 350 est
740 294 808 349 ab
849 311 959 348 una
995 311 1160 350 causa
1199 293 1381 350 omnia
1422 293 1688 364 pendere,
1730 292 1895 347 etiam
1944 309 2109 346 causa
2152 291 2271 346 illa

343 376 622 451 possibilis
677 393 794 430 esse
849 375 1102 434 deberet:
1161 373 1307 446 quod
1358 378 1542 444 aperte
1586 372 1800 428 salsum.

418 459 490 514 Et
545 456 691 528 quod
749 455 816 509 ad
879 455 1125 514 alterum,
1185 453 1232 506 si
1272 469 1437 508 causa
1474 452 1573 508 illa
1610 470 1719 507 non
1758 454 1931 523 magis
1968 452 2035 506 ad
2076 469 2272 506 unum

345 556 508 612 quam
547 537 615 591 ad
655 537 886 590 alterum
927 533 1336 606 producendum
1376 533 1463 587 vel
1501 532 1863 587 omittendum
1886 532 2275 587 determinata

347 622 519 681 esset,
581 616 803 671 omnino
859 611 1196 684 impossibile
1254 617 1427 676 esset,
1488 617 1549 667 ut
1604 613 1743 667 illud
1795 611 1880 666 vel
1926 613 2277 684 produceret

349 697 438 752 vel
475 697 788 758 omitteret;
829 693 974 766 quod
1015 709 1198 746 seeum
1236 697 1465 763 pugnat.

423 942 590 1002 Quod
644 941 754 1010 jam
803 939 871 994 ad
912 937 1138 992 alteram
1177 941 1551 1010 quaestionem
1590 941 1821 1003 attinet,
1884 939 2023 994 nihil
2063 939 2123 994 in
2166 957 2281 994 na·

354 1027 482 1078 tura
519 1021 752 1074 existere
791 1019 858 1072 de
885 1035 993 1090 quo
1031 1018 1212 1088 rogari
1252 1037 1359 1072 non
1400 1020 1601 1090 possit,
1646 1036 1745 1074 our
1782 1019 1893 1075 sit?
1968 1019 2093 1075 Hoc
2134 1037 2279 1074 nos-

357 1106 504 1156 trum
545 1101 754 1154 dietum
796 1098 1070 1170 significat
1097 1097 1255 1152 nobis
1282 1097 1669 1170 inquirendum
1704 1118 1819 1154 esse
1848 1117 1941 1170 per
1966 1115 2281 1170 quamnam

354 1197 573 1238 causam
615 1178 824 1249 aliquid
863 1177 1152 1232 essentiale
1193 1178 1425 1240 existat:
1468 1198 1591 1234 nam
1634 1179 1740 1234 nisi
1778 1197 1942 1236 eausa
1981 1178 2080 1233 ina
2120 1180 2278 1234 exis-

355 1265 478 1324 tat,
520 1259 855 1330 impossibile
895 1264 978 1314 est
1015 1259 1154 1314 illud
1194 1259 1403 1330 aliquid
1442 1261 1691 1315 existere.

427 1340 502 1396 Et
542 1339 674 1394 haec
711 1339 929 1411 quidem
957 1357 1124 1394 causa
1148 1339 1235 1392 vel
1263 1340 1320 1393 in
1348 1357 1405 1392 re
1430 1339 1519 1392 vel
1546 1345 1701 1394 extra
1730 1357 1839 1393 rem
1865 1340 2054 1410 quaeri
2084 1339 2283 1396 debet.

357 1423 418 1477 Si
457 1427 640 1475 autem
675 1419 864 1491 regula
891 1420 1174 1491 quaeritur
1199 1421 1267 1473 ad
1293 1419 1705 1491 inquisitionem
1734 1421 1893 1476 istam
1920 1420 2246 1475 faciendam
2265 1458 2283 1481 ‚

358 1502 593 1558 dicimus
631 1500 854 1553 omnino
894 1497 1048 1554 nulla
1086 1517 1223 1570 opus
1262 1517 1378 1553 esse
1424 1499 1631 1562 videri;
1675 1515 1831 1563 nam,
1875 1500 1921 1553 si
1968 1500 2283 1554 existentia

358 1582 429 1638 ad
467 1581 544 1635 rei
583 1584 834 1634 naturam
875 1579 1140 1649 pertinet,
1175 1583 1391 1633 'eertum
1432 1585 1516 1634 est
1552 1597 1771 1635 causam
1796 1598 1907 1634 non
1932 1585 2091 1636 extra
2116 1579 2283 1637 illam

360 1661 521 1717 nobis
547 1659 909 1732 quaerendam
939 1677 1072 1715 esse.
1109 1661 1186 1716 At
1214 1660 1260 1714 si
1288 1658 1389 1713 tali
1418 1659 1575 1713 modo
1602 1677 1712 1715 non
1738 1678 1793 1714 se
1820 1660 2015 1725 habet,
2044 1679 2283 1717 eausam

359 1745 516 1798 extra
546 1739 696 1796 illam
736 1757 993 1813 quaerere
1032 1738 1307 1795 debemus¹
1350 1740 1501 1803 Quia
1533 1748 1718 1794 autem
1758 1741 1991 1811 primum
2030 1741 2177 1797 illud
2222 1745 2285 1798 in

360 1826 480 1879 Deo
507 1827 722 1877 tantum
763 1823 938 1877 locum
979 1822 1169 1886 habet,
1211 1822 1522 1877 ostenditur
1558 1822 1667 1890 (uti
1688 1820 1802 1891 jam
1829 1830 1991 1877 antea
2016 1824 2283 1893 fecimus)

363 1906 516 1962 Deus
573 1903 722 1957 solus
778 1902 1020 1956 omnium
1071 1902 1303 1974 primam
1358 1918 1578 1955 causam
1626 1918 1763 1957 esse.
1840 1902 1915 1956 Et
1949 1904 2079 1957 inde
2120 1910 2288 1975 patet

365 1986 529 2039 etiam
589 1984 730 2037 hane
786 1987 842 2036 et
897 1982 1047 2037 illam
1107 1982 1342 2037 hominis
1398 1980 1715 2035 volitionem
1756 1981 2089 2050 (voluntatis
2124 1985 2287 2040 enim

366 2065 488 2135 ejus
525 2062 820 2117 existentia
857 2062 924 2116 ad
953 2060 1072 2132 ejus
1099 2064 1389 2117 essentiam
1418 2078 1525 2115 non
1554 2062 1817 2131 pertinet)
1848 2074 2067 2117 oausam
2094 2071 2286 2119 exter—

367 2161 494 2199 nam
535 2142 731 2196 habere
770 2141 996 2205 debere,
1040 2160 1134 2211 per
1175 2159 1338 2213 quam
1366 2141 1673 2195 necessario
1698 2145 1923 2196 causata
1952 2143 2044 2197 sit.
2106 2146 2286 2205 Quod

368 2225 535 2279 etiam
605 2238 672 2276 ex
727 2222 980 2276 omnibus
1031 2239 1170 2293 quae
1228 2222 1284 2276 in
1340 2220 1443 2275 hoe
1498 2223 1677 2292 eapite
1730 2221 2000 2285 diximus,
2081 2224 2164 2279 ita
2228 2243 2286 2280 se

371 2304 568 2361 habere
619 2306 798 2373 patet,
858 2306 914 2355 et
952 2302 1125 2372 magis
1163 2301 1325 2355 etiam
1368 2300 1607 2371 patebit,
1650 2303 1867 2375 quando
1906 2306 1963 2359 in
2001 2310 2159 2377 parte
2204 2324 2287 2360 se-

371 2385 555 2441 cunda
591 2384 658 2437 de
700 2382 936 2437 hominis
974 2381 1229 2437 libertate
1268 2398 1493 2453 agemus
1529 2382 1899 2455 dicemusque.

455 2930 726 2985 Omnibus
747 2928 894 2984 hisce
915 2928 984 2983 ab
1009 2927 1134 2984 aliis
1157 2928 1415 2999 objicitur
1430 2969 1447 2995 ‚
1476 2930 1746 3001 quomodo
1766 2930 1881 2985 fieri
1902 2932 2075 3001 possit
2090 2974 2104 2994 ,
2135 2934 2289 3003 quod

381 3012 568 3075 DeuS,
628 3011 722 3083 qui
779 3028 988 3065 summe
1037 3010 1309 3081 perfectus
1347 3015 1403 3065 et
1441 3010 1637 3067 unicus
1674 3013 1955 3076 causator,
2002 3010 2291 3067 ordinator
