2432 3554
1174 180 1291 238 356

291 344 438 394 certe
475 357 632 394 nemo
667 339 866 395 dubius
892 339 1156 402 haerebit,
1197 340 1447 412 quisnam
1472 340 1679 412 quidam
1702 337 1799 395 ille
1824 343 1884 394 et
1908 355 2179 411 quaenam

293 417 491 474 Ethioa
527 420 716 483 fuerit,
763 436 991 491 quorum
1034 420 1363 475 mentionem
1398 421 1547 477 fecit.

363 497 444 552 Ut
499 515 626 552 vero
663 499 1006 555 manifestius
1044 501 1207 554 etiam
1246 497 1564 562 reddamus,
1632 501 1899 570 quantum
1938 498 1997 552 in
2034 497 2185 552 omni

297 575 638 648 philosophia
688 596 788 632 sua
839 580 1136 642 „cuidam”
1177 578 1262 634 illi
1300 578 1527 650 ejusque
1564 577 1787 633 Ethices
1824 581 1881 631 et
1915 576 2188 648 Physiceri

298 657 598 728 praeceptis
635 658 916 721 debuerit,
957 659 1116 730 plura
1151 658 1331 713 adbuc
1357 657 1477 712 loca
1504 656 1853 721 evolvamus„
1900 656 1959 710 in
1986 657 2193 728 quibus

302 736 555 792 omnihus
591 738 766 809 ipsum
803 738 1092 809 Spinozam
1131 737 1321 793 audire
1358 743 1599 808 putares.
1658 735 1749 791 Sic
1784 737 2049 790 virtutem
2092 737 2195 790 ali-

297 815 425 875 cubi
462 817 652 871 definit
690 819 1036 889 „potentiam
1059 820 1118 873 in
1146 817 1396 880 homine,
1436 833 1503 870 ex
1530 815 1741 886 legibus
1768 833 1933 870 sanae
1961 816 2197 872 rationis

303 913 456 952 suam
493 901 742 952 naturam
780 898 1172 961 conservandi,
1213 896 1269 950 h.
1308 913 1355 952 e.
1390 911 1580 950 omnes
1617 895 1789 950 reales
1826 895 2195 967 perfectiones

301 977 498 1032 mentis
535 981 590 1030 et
625 977 866 1050 corporis
905 977 1009 1032 sibi
1047 976 1426 1048 comparandi.
1472 993 1570 1030 seu
1608 980 1837 1032 naturae
1877 980 2101 1031 nostrae
2123 991 2192 1030 ex

305 1053 518 1126 legibus
566 1071 728 1110 sanae
783 1055 1010 1111 rationis
1065 1057 1263 1112 realem
1309 1057 1745 1128 perfectionem.”
1822 1057 1915 1112 Sic
1956 1057 2091 1112 alibi
2128 1057 2194 1111 de

306 1153 415 1208 qua
444 1135 560 1206 jam
595 1135 833 1190 diximus
871 1136 1206 1206 imaginandi
1240 1137 1555 1192 facultatem
1580 1141 1841 1208 tanquam
1866 1138 2115 1193 omnium
2138 1137 2195 1191 in

304 1213 408 1269 rite
448 1215 876 1287 philosophando
911 1215 1419 1288 impedimentorum
1462 1219 1686 1272 matrem
1724 1216 1945 1280 dicens,
1989 1215 2195 1271 videbi·

307 1295 462 1350 mus‘’
519 1297 730 1366 inquit,
793 1301 1169 1367 „quantopere
1208 1297 1365 1352 nobis
1390 1302 1585 1352 noceat
1610 1298 1967 1368 imaginatio:
2032 1297 2195 1368 siqui·

309 1375 430 1430 dem
485 1375 630 1430 clare
687 1375 1024 1440 monstrabo,
1084 1383 1285 1432 cuncta
1333 1376 1465 1431 haec
1500 1376 1891 1448 impedimenta
1931 1376 2095 1432 unice
2124 1391 2187 1428 ex

311 1453 409 1510 illa
463 1459 643 1509 ortum
699 1454 950 1511 hahere.”
1023 1455 1117 1512 Sic
1173 1455 1307 1512 alibi
1363 1473 1553 1510 rursus
1602 1457 1745 1512 inter
1782 1455 1927 1510 bona
1968 1461 2029 1510 et
2062 1454 2185 1511 male

315 1533 483 1588 realia
521 1535 942 1607 appetentiaque
981 1535 1377 1606 distinguendo
1402 1537 1672 1591 dicentem
1700 1535 1987 1590 audimus:
2032 1535 2191 1599 „sunt

316 1617 498 1668 autem
555 1631 672 1668 meo
723 1613 932 1684 judicio
982 1615 1122 1670 hona
1159 1617 1358 1678 realia,
1417 1634 1555 1688 quae
1595 1621 1812 1686 propter
1850 1633 1909 1670 se
1949 1620 2199 1686 expetet·

315 1693 416 1757 da,
475 1692 630 1748 nulla
682 1691 816 1749 alia*
845 1713 1005 1767 quam
1043 1696 1315 1767 sapientia
1353 1695 1467 1750 sive
1504 1695 1796 1766 acquisitio
1834 1696 2097 1749 veritatis
2120 1703 2204 1766 pc!

315 1792 371 1829 se
409 1774 584 1846 ipsum
623 1793 719 1831 seu
758 1794 851 1847 per
888 1776 1132 1849 proprias
1171 1775 1553 1831 meditationes
1586 1774 1749 1847 juxta
1772 1775 2073 1847 genuinam
2106 1792 2207 1829 me·

314 1852 541 1909 thodum
581 1854 895 1916 institutas;
935 1857 1112 1911 virtus
1151 1874 1247 1911 seu
1286 1860 1513 1911 naturae
1552 1863 1769 1911 nostrae
1806 1854 1876 1909 ad
1905 1856 2213 1927 acquisitae

312 1934 561 1989 veritatis
608 1934 754 2005 leges
790 1935 998 1992 directa
1035 1936 1329 2009 perfectio:
1372 1952 1435 1991 ac
1462 1935 1687 1990 tandem
1712 1935 1913 1989 mentis
1939 1934 2213 2005 tranquil!

311 2014 440 2069 litas
474 2030 571 2069 seu
609 2031 676 2070 ex
714 2015 860 2071 hisee
897 2016 1139 2079 duabus,
1187 2015 1457 2086 sapientia
1495 2020 1551 2069 et
1588 2015 1823 2078 virtute,
1866 2014 2131 2068 exoriens
2158 2014 2216 2068 iu

315 2093 472 2150 nobis
509 2097 687 2150 status
721 2096 961 2167 quietus.
1003 2096 1168 2151 Unde
1206 2094 1369 2151 simul
1408 2095 1555 2149 haud
1592 2092 1885 2149 difficulter
1922 2093 2214 2164 conjicies,

315 2174 448 2247 quid
486 2192 580 2245 per
616 2175 757 2229 mala
795 2174 962 2232 realia
1005 2174 1343 2246 intelligam:
1388 2173 1531 2229 mala
1574 2173 1833 2229 nimirum
1874 2171 2042 2228 bonis⁴
2065 2173 2215 2228 hisee

317 2254 524 2310 directe
567 2256 846 2326 opposita,
905 2255 1308 2325 ignorantiam,
1363 2253 1563 2309 vitium
1584 2294 1598 2316 ‚
1654 2256 1715 2307 et
1761 2254 1973 2307 statum
2012 2254 2212 2307 mentis

314 2333 639 2405 inquietum.
717 2335 871 2389 Bona
909 2352 1036 2389 vero
1079 2334 1401 2406 apparentia
1439 2337 1570 2387 sunt
1607 2332 1815 2397 honor,
1850 2332 2125 2393 divitiae,
2164 2335 2221 2387 et

315 2412 704 2471 delectationes
755 2414 1068 2479 sensuales,
1125 2432 1265 2486 quae
1314 2414 1361 2469 si
1401 2412 1755 2484 acquisitioni
1794 2412 2065 2467 bonorum
2108 2430 2223 2467 rea-

319 2494 452 2549 lium
492 2494 806 2565 adjumento
853 2500 982 2549 sunt
1017 2512 1084 2549 ex
1123 2494 1513 2565 apparentibus
1552 2494 1693 2547 fiunt
1731 2493 1901 2548 realia
1942 2493 2120 2547 bona:
2172 2492 2220 2547 si

321 2577 502 2627 autem
539 2573 729 2627 iisdem
769 2574 1190 2643 impedimento,
1250 2578 1413 2645 prout
1452 2572 1767 2644 saepissime
1805 2572 2043 2636 accidit,
2090 2573 2221 2627 haec

320 2668 508 2707 revera
561 2668 671 2707 non
727 2653 834 2708 nisi
891 2654 1064 2709 realia
1117 2654 1261 2709 mala
1316 2660 1476 2719 sunt,
1537 2656 1669 2711 licet
1720 2654 1817 2709 alii
1876 2671 2039 2709 secus
2069 2654 2224 2724 judi-

319 2735 464 2785 cent.
559 2732 706 2787 Hinc
755 2750 970 2804 quoque
1021 2734 1182 2789 facile
1238 2735 1555 2807 colligitur,
1614 2752 1883 2806 quaenam
1942 2753 1972 2787 e
2032 2737 2225 2790 contr·

324 2808 464 2863 mala
501 2812 816 2881 apparentia
853 2813 994 2867 sint:
1057 2818 1236 2875 status
1274 2833 1467 2886 nempe
1504 2815 1767 2869 obscurus
1822 2832 1922 2869 seu
1948 2830 2063 2868 non
2090 2813 2227 2867 adeo

321 2889 555 2947 illustris
610 2892 668 2947 in
725 2892 956 2957 mundo,
1017 2898 1337 2965 paupertas,
1400 2898 1457 2949 et
1505 2894 1755 2949 absentia
1792 2894 2231 2949 delectationum

329 2970 680 3025 sensualium.
757 2971 830 3027 Et
878 2972 1012 3029 haec
1064 2974 1289 3045 quidem
1342 2974 1389 3029 si
1426 2973 1749 3045 adjumento
1786 2974 1947 3030 nobis
1984 2979 2121 3029 sunt
2158 2972 2229 3029 ad
