2432 3554
1268 204 1346 262 30

429 367 478 422 2.
517 365 631 418 Res
671 381 808 436 quae
845 382 912 418 ex
949 364 1182 420 diversis
1220 365 1467 436 partibus
1497 365 1797 436 composita
1823 369 1941 430 est,
1978 365 2107 421 talis
2133 385 2251 422 esse

357 444 546 508 debet,
589 448 652 498 ut
689 449 872 514 partes
909 445 1028 516 ejus
1069 445 1319 517 singulae
1344 446 1632 517 separatim
1660 446 1874 517 concipi
1900 445 1988 500 vel
2012 446 2253 520 intelligi

359 524 603 596 possint:
634 525 717 578 uti
745 542 789 580 e.
816 541 895 594 gr.
920 525 978 579 in
1007 524 1315 597 liorologi0,
1349 525 1493 597 quod
1520 543 1587 579 ex
1612 524 1844 580 diversis
1868 527 2003 581 rotis
2028 533 2083 582 et
2108 528 2251 582 funi·

361 603 463 658 bus
521 604 880 674 compositum
938 609 1050 666 est;
1109 605 1204 660 ubi
1244 622 1489 676 quaeque
1526 608 1645 659 rota
1682 609 1738 659 et
1775 605 1923 660 funis
1960 607 2251 678 separatim

358 683 574 755 concipi
601 688 655 738 et
677 682 912 755 intelligi
941 689 1156 756 potest,
1197 703 1299 741 nec
1323 689 1506 740 tamen
1530 689 1741 750 totum,
1783 686 1865 740 uti
1892 688 2253 758 compositum

361 767 472 828 est,
512 763 697 819 adhibi
725 781 944 818 necesse
971 769 1072 818 est.
1116 765 1319 820 Eadem
1348 765 1559 819 ratione
1583 765 1641 820 in
1667 782 1807 836 aqua
1824 808 1839 829 ,
1867 781 2009 838 quae
2036 772 2255 822 constat

361 841 655 915 particulis
702 844 866 898 rectis
904 849 959 898 et
996 844 1277 916 oblongis,
1334 849 1390 900 et
1427 845 1585 916 cujus
1624 845 1873 916 singulae
1912 851 2093 916 partes
2130 863 2257 902 con-

363 923 472 994 cipi
519 928 575 976 et
611 922 850 994 intelligi
890 928 1120 994 possunt
1155 924 1359 996 absque
1398 928 1533 979 toto.
1610 925 1747 979 Cum
1786 929 1968 979 autem
2007 927 2257 982 extensio

363 1003 670 1058 substantia.
727 1003 827 1068 sit,
887 1001 996 1058 dici
1051 1003 1244 1074 nequit
1298 1021 1416 1058 eam
1468 1009 1649 1075 partes
1699 1005 1927 1068 habere,
1988 1006 2121 1078 quia
2158 1025 2260 1062 nec

369 1083 539 1153 major
577 1099 677 1138 nec
715 1083 892 1137 minor
928 1085 1043 1138 fieri
1081 1089 1295 1156 potest,
1336 1100 1438 1138 nec
1476 1087 1657 1153 partes
1693 1086 1813 1154 ejus
1851 1087 2143 1156 separatim
2175 1088 2257 1142 in·

366 1161 543 1234 telligi
597 1166 856 1234 possunt,
916 1179 1040 1218 cum
1079 1168 1277 1218 natura
1314 1180 1413 1217 sua
1450 1162 1666 1218 infinita
1703 1163 1795 1218 sit.
1872 1165 2038 1224 Quod
2076 1171 2258 1221 autem

369 1241 494 1297 telis
521 1260 637 1296 esse
665 1241 892 1307 debeat,
933 1243 1060 1298 inde
1088 1244 1366 1314 sequitur,
1408 1261 1597 1314 nempe
1623 1244 1752 1316 quia
1770 1282 1787 1308 ,
1828 1245 1933 1298 nisi
1962 1245 2091 1300 talis
2118 1251 2261 1301 esset

369 1321 463 1376 sed
503 1339 568 1376 ex
609 1322 856 1393 partibus
895 1324 1250 1388 consisteret,
1310 1325 1507 1378 natura
1545 1341 1645 1378 sua
1680 1324 1897 1379 infinita
1934 1342 2043 1380 non
2082 1331 2259 1389 esset;

430 1874 522 1929 At,
576 1872 750 1931 inquis,
803 1887 953 1919 nonne
985 1888 1087 1933 pars
1120 1874 1167 1920 in
1200 1874 1460 1922 extensione
1494 1880 1599 1923 ante
1631 1892 1783 1923 omnes
1816 1877 2004 1924 modos?
2069 1878 2271 1927 Omnino

369 1958 460 1989 non
479 1980 492 2001 ,
524 1942 638 1991 dico.
702 1946 789 2001 At,
829 1944 966 2003 dicis,
997 1945 1036 1991 si
1066 1951 1214 1993 motus
1246 1952 1315 1993 est
1346 1946 1392 1992 in
1410 1948 1619 2005 materia3
1655 1948 1702 1994 in
1722 1950 1854 2008 huius
1870 1954 1997 2009 parte
2013 1965 2113 1997 esse
2126 1952 2272 2008 debet;

368 2030 468 2061 cum
501 2014 619 2061 enim
652 2020 799 2061 totum
829 2014 1052 2063 infinitum
1089 2017 1180 2076 sit,
1214 2017 1394 2063 ubinam
1426 2025 1706 2077 moveretur,
1736 2034 1837 2066 cum
1868 2026 1994 2067 extra
2024 2037 2123 2068 eam
2156 2022 2270 2070 nihil

370 2085 566 2132 existat?
603 2084 672 2130 Ad
689 2085 806 2144 quod
823 2086 1094 2147 respondeo:
1128 2103 1221 2133 non
1237 2094 1305 2135 est
1322 2095 1468 2135 motus
1485 2092 1631 2147 solus,
1650 2091 1725 2137 sed
1742 2098 1889 2138 motus
1906 2098 1950 2138 et
1968 2093 2095 2151 quies
2113 2094 2247 2141 simul
2260 2132 2273 2151 ‚

371 2162 416 2203 et
449 2155 624 2214 quidem
643 2157 689 2202 in
708 2162 808 2203 toto
827 2192 840 2213 ,
874 2157 1008 2215 inque
1025 2174 1078 2203 eo
1093 2172 1190 2205 esse
1205 2158 1363 2217 debet,
1400 2176 1491 2207 non
1507 2161 1623 2207 enim
1642 2178 1744 2221 pars
1761 2162 1807 2208 in
1826 2162 2101 2211 extensione.
2137 2164 2273 2213 Quod

371 2226 411 2272 si
443 2231 606 2286 negas,
639 2226 759 2273 dicas
795 2227 905 2274 mihi
937 2228 1102 2288 igitur,¹
1135 2230 1174 2276 si
1204 2236 1349 2277 totam
1380 2232 1684 2279 extensionem
1716 2233 1901 2291 dividis,
1936 2242 2108 2295 partem
2142 2252 2273 2296 quam

371 2297 601 2344 intellectu
638 2303 718 2343 tuo
756 2298 812 2344 ab
843 2314 895 2345 ea
929 2299 1093 2346 scindis
1125 2300 1259 2347 etiam
1292 2310 1452 2349 natura
1484 2305 1682 2350 omnium
1716 2306 1910 2366 partium
1928 2306 1983 2351 ab
2000 2322 2053 2353 ea
2069 2308 2272 2355 scindere

373 2374 530 2429 potes3
563 2382 651 2427 quo
685 2368 808 2415 facto
838 2369 978 2430 igitur
1013 2386 1150 2430 rogo:
1200 2372 1428 2421 Quidnam
1462 2380 1531 2421 est
1561 2374 1680 2421 inter
1706 2382 1875 2434 partem
1893 2376 2017 2424 illam
2031 2379 2275 2427 abscissam

373 2444 419 2487 et
437 2440 686 2498 reliquum?
722 2440 887 2499 Dicas,
923 2456 1103 2488 necesse
1127 2448 1220 2500 est,
1256 2445 1325 2491 vel
1342 2460 1527 2491 vacuum
1546 2447 1615 2492 vel
1630 2446 1750 2493 aliud
1766 2462 1946 2509 corpus,
1987 2449 2054 2495 vel
2071 2450 2184 2499 illud
2204 2468 2272 2498 ex-

371 2510 592 2556 tensionis
625 2510 794 2570 ipsius3
828 2518 1032 2571 quartum
1067 2529 1158 2559 non
1189 2514 1334 2562 datur.
1384 2516 1580 2563 Primum
1608 2532 1725 2575 non,
1759 2534 1860 2565 nam
1894 2534 2080 2566 vacnum
2099 2530 2277 2569 nonest

373 2581 492 2640 quod
524 2580 764 2641 positivum
798 2598 880 2629 nec
911 2598 1073 2644 corpus
1106 2584 1180 2632 sit.
1246 2584 1341 2633 Nec
1372 2586 1582 2645 alterum,
1616 2604 1717 2635 nam
1752 2595 1848 2636 tum
1865 2591 2075 2638 existeret
2092 2594 2277 2651 modus,

373 2652 450 2712 qui
499 2653 690 2701 existere
732 2654 886 2712 nequit
904 2692 916 2712 ,
968 2670 1067 2702 cum
1117 2656 1342 2716 extensio,
1396 2664 1622 2717 tamqnam
1664 2662 1888 2719 extensi0,
1939 2662 2035 2709 sine
2066 2666 2276 2711 omnibns

377 2723 520 2769 modis
569 2728 615 2769 et
661 2729 766 2771 ante
806 2723 908 2771 illos
941 2730 1024 2772 est.
1089 2726 1239 2786 Igitur
1268 2728 1480 2789 tertium,
1530 2736 1575 2777 et
1608 2731 1672 2779 sic
1704 2732 1827 2779 nulls
1857 2748 1961 2794 pers
1993 2736 2273 2785 extensionis

374 2792 551 2852 existit,
586 2794 660 2839 sed
695 2795 896 2843 extensio
927 2811 1016 2843 una
1048 2802 1094 2845 et
1124 2798 1421 2849 indivisibilis.
