<?xml version="1.0" encoding="UTF-8"?>
<!DOCTYPE html PUBLIC "-//W3C//DTD XHTML 1.0 Transitional//EN"
    "http://www.w3.org/TR/xhtml1/DTD/xhtml1-transitional.dtd">
<html xmlns="http://www.w3.org/1999/xhtml" xml:lang="en" lang="en">
 <head>
  <title>
</title>
<meta http-equiv="Content-Type" content="text/html;charset=utf-8" />
  <meta name='ocr-system' content='tesseract 3.04.00' />
  <meta name='ocr-capabilities' content='ocr_page ocr_carea ocr_par ocr_line ocrx_word'/>
</head>
<body>
  <div class='ocr_page' id='page_1' title='image "benedictidespin00vlotgoog_0362.png"; bbox 0 0 2432 3554; ppageno 0'>
   <div class='ocr_carea' id='block_1_1' title="bbox 1254 157 1369 214">
    <p class='ocr_par' dir='ltr' id='par_1_1' title="bbox 1254 157 1369 214">
     <span class='ocr_line' id='line_1_1' title="bbox 1254 157 1369 214; baseline 0 0"><span class='ocrx_word' id='word_1_1' title='bbox 1254 157 1369 214; x_wconf 82' lang='lat'>346</span> 
     </span>
    </p>
   </div>
   <div class='ocr_carea' id='block_1_2' title="bbox 361 317 2249 714">
    <p class='ocr_par' dir='ltr' id='par_1_2' title="bbox 361 317 2249 714">
     <span class='ocr_line' id='line_1_2' title="bbox 367 317 2246 392; baseline 0.001 -19"><span class='ocrx_word' id='word_1_2' title='bbox 367 317 436 374; x_wconf 88' lang='lat' dir='ltr'>lis</span> <span class='ocrx_word' id='word_1_3' title='bbox 473 320 532 374; x_wconf 88' lang='lat' dir='ltr'>in</span> <span class='ocrx_word' id='word_1_4' title='bbox 572 318 727 374; x_wconf 85' lang='lat' dir='ltr'>fretis</span> <span class='ocrx_word' id='word_1_5' title='bbox 763 322 820 374; x_wconf 90' lang='lat' dir='ltr'>et</span> <span class='ocrx_word' id='word_1_6' title='bbox 855 318 1128 376; x_wconf 71' lang='lat' dir='ltr'>similibus</span> <span class='ocrx_word' id='word_1_7' title='bbox 1165 319 1301 375; x_wconf 88' lang='lat' dir='ltr'>locis</span> <span class='ocrx_word' id='word_1_8' title='bbox 1338 320 1723 392; x_wconf 77' lang='lat' dir='ltr'>experimentis</span> <span class='ocrx_word' id='word_1_9' title='bbox 1752 321 1923 391; x_wconf 83' lang='lat' dir='ltr'>justis</span> <span class='ocrx_word' id='word_1_10' title='bbox 1954 321 2121 375; x_wconf 86' lang='lat' dir='ltr'>nobis</span> <span class='ocrx_word' id='word_1_11' title='bbox 2144 337 2246 392; x_wconf 87' lang='lat' dir='ltr'>per·</span> 
     </span>
     <span class='ocr_line' id='line_1_3' title="bbox 363 398 2248 473; baseline 0 -19"><span class='ocrx_word' id='word_1_12' title='bbox 363 405 550 472; x_wconf 83' lang='lat' dir='ltr'>specta</span> <span class='ocrx_word' id='word_1_13' title='bbox 587 403 801 460; x_wconf 80' lang='lat' dir='ltr'>essent;</span> <span class='ocrx_word' id='word_1_14' title='bbox 843 398 983 454; x_wconf 91' lang='lat' dir='ltr'>lucis</span> <span class='ocrx_word' id='word_1_15' title='bbox 1019 405 1384 471; x_wconf 73' lang='lat' dir='ltr'><strong>symptomata</strong></span> <span class='ocrx_word' id='word_1_16' title='bbox 1421 401 1553 455; x_wconf 84' lang='lat' dir='ltr'>haec</span> <span class='ocrx_word' id='word_1_17' title='bbox 1586 401 1719 454; x_wconf 88' lang='lat' dir='ltr'>mihi</span> <span class='ocrx_word' id='word_1_18' title='bbox 1744 400 1947 471; x_wconf 86' lang='lat' dir='ltr'>optime</span> <span class='ocrx_word' id='word_1_19' title='bbox 1975 405 2248 473; x_wconf 82' lang='lat' dir='ltr'>perspecta</span> 
     </span>
     <span class='ocr_line' id='line_1_4' title="bbox 364 479 2248 554; baseline 0.001 -20"><span class='ocrx_word' id='word_1_20' title='bbox 364 497 482 534; x_wconf 88' lang='lat' dir='ltr'>esse</span> <span class='ocrx_word' id='word_1_21' title='bbox 535 479 822 542; x_wconf 84' lang='lat' dir='ltr'>videntur,</span> <span class='ocrx_word' id='word_1_22' title='bbox 885 497 994 534; x_wconf 87' lang='lat' dir='ltr'>non</span> <span class='ocrx_word' id='word_1_23' title='bbox 1039 480 1259 550; x_wconf 86' lang='lat' dir='ltr'>quidem</span> <span class='ocrx_word' id='word_1_24' title='bbox 1310 481 1527 546; x_wconf 87' lang='lat' dir='ltr'>omnia,</span> <span class='ocrx_word' id='word_1_25' title='bbox 1586 499 1685 536; x_wconf 87' lang='lat' dir='ltr'>nec</span> <span class='ocrx_word' id='word_1_26' title='bbox 1734 499 1947 553; x_wconf 89' lang='lat' dir='ltr'>quoque</span> <span class='ocrx_word' id='word_1_27' title='bbox 1986 489 2248 554; x_wconf 84' lang='lat' dir='ltr'>quatenus</span> 
     </span>
     <span class='ocr_line' id='line_1_5' title="bbox 361 558 2245 630; baseline 0.001 -17"><span class='ocrx_word' id='word_1_28' title='bbox 361 576 588 630; x_wconf 85' lang='lat' dir='ltr'>corpora</span> <span class='ocrx_word' id='word_1_29' title='bbox 624 558 898 630; x_wconf 88' lang='lat' dir='ltr'>pellucida</span> <span class='ocrx_word' id='word_1_30' title='bbox 937 561 1138 615; x_wconf 85' lang='lat' dir='ltr'>transit</span> <span class='ocrx_word' id='word_1_31' title='bbox 1172 561 1281 618; x_wconf 88' lang='lat' dir='ltr'>(hic</span> <span class='ocrx_word' id='word_1_32' title='bbox 1319 562 1461 616; x_wconf 92' lang='lat' dir='ltr'>enim</span> <span class='ocrx_word' id='word_1_33' title='bbox 1502 562 1653 616; x_wconf 84' lang='lat' dir='ltr'>varia</span> <span class='ocrx_word' id='word_1_34' title='bbox 1692 561 1823 617; x_wconf 88' lang='lat' dir='ltr'>mihi</span> <span class='ocrx_word' id='word_1_35' title='bbox 1860 561 2047 616; x_wconf 86' lang='lat' dir='ltr'>adhue</span> <span class='ocrx_word' id='word_1_36' title='bbox 2084 562 2245 615; x_wconf 84' lang='lat' dir='ltr'>deter-</span> 
     </span>
     <span class='ocr_line' id='line_1_6' title="bbox 363 637 2249 714; baseline 0 -20"><span class='ocrx_word' id='word_1_37' title='bbox 363 639 622 694; x_wconf 86' lang='lat' dir='ltr'>minanda</span> <span class='ocrx_word' id='word_1_38' title='bbox 659 638 947 702; x_wconf 82' lang='lat' dir='ltr'>videntur,</span> <span class='ocrx_word' id='word_1_39' title='bbox 987 637 1120 694; x_wconf 86' lang='lat' dir='ltr'>licet</span> <span class='ocrx_word' id='word_1_40' title='bbox 1156 639 1245 695; x_wconf 89' lang='lat' dir='ltr'>hic</span> <span class='ocrx_word' id='word_1_41' title='bbox 1282 641 1518 712; x_wconf 87' lang='lat' dir='ltr'>plurima</span> <span class='ocrx_word' id='word_1_42' title='bbox 1552 659 1767 714; x_wconf 89' lang='lat' dir='ltr'>quoque</span> <span class='ocrx_word' id='word_1_43' title='bbox 1806 642 2017 712; x_wconf 89' lang='lat' dir='ltr'>optime</span> <span class='ocrx_word' id='word_1_44' title='bbox 2044 642 2249 696; x_wconf 81' lang='lat' dir='ltr'>detecta</span> 
     </span>
    </p>
   </div>
   <div class='ocr_carea' id='block_1_3' title="bbox 363 711 2341 792">
    <p class='ocr_par' dir='ltr' id='par_1_3' title="bbox 363 711 2341 792">
     <span class='ocr_line' id='line_1_7' title="bbox 363 711 2341 792; baseline 0 -18"><span class='ocrx_word' id='word_1_45' title='bbox 363 719 500 788; x_wconf 90' lang='lat' dir='ltr'>sint)</span> <span class='ocrx_word' id='word_1_46' title='bbox 524 761 538 780; x_wconf 91' lang='lat'><em>.</em></span> <span class='ocrx_word' id='word_1_47' title='bbox 579 719 674 774; x_wconf 89' lang='lat' dir='ltr'>sed</span> <span class='ocrx_word' id='word_1_48' title='bbox 711 725 982 789; x_wconf 86' lang='lat' dir='ltr'>quatenus</span> <span class='ocrx_word' id='word_1_49' title='bbox 1017 719 1076 774; x_wconf 88' lang='lat' dir='ltr'>in</span> <span class='ocrx_word' id='word_1_50' title='bbox 1113 737 1170 774; x_wconf 91' lang='lat' dir='ltr'>se</span> <span class='ocrx_word' id='word_1_51' title='bbox 1207 721 1602 776; x_wconf 76' lang='lat' dir='ltr'>consideratur.</span> <span class='ocrx_word' id='word_1_52' title='bbox 1650 721 1855 776; x_wconf 87' lang='lat' dir='ltr'>Verum</span> <span class='ocrx_word' id='word_1_53' title='bbox 1896 739 2017 774; x_wconf 87' lang='lat' dir='ltr'>meo</span> <span class='ocrx_word' id='word_1_54' title='bbox 2049 721 2251 792; x_wconf 85' lang='lat' dir='ltr'>judicio</span> <span class='ocrx_word' id='word_1_55' title='bbox 2334 711 2341 717; x_wconf 59' lang='grc'><strong>”</strong></span> 
     </span>
    </p>
   </div>
   <div class='ocr_carea' id='block_1_4' title="bbox 337 797 2249 3107">
    <p class='ocr_par' dir='ltr' id='par_1_4' title="bbox 337 797 2249 2471">
     <span class='ocr_line' id='line_1_8' title="bbox 365 797 2247 869; baseline 0.001 -16"><span class='ocrx_word' id='word_1_56' title='bbox 365 798 567 854; x_wconf 81' lang='lat' dir='ltr'>similia</span> <span class='ocrx_word' id='word_1_57' title='bbox 621 797 862 868; x_wconf 82' lang='lat' dir='ltr'>(excipio</span> <span class='ocrx_word' id='word_1_58' title='bbox 917 797 1119 869; x_wconf 86' lang='lat' dir='ltr'>lucem)</span> <span class='ocrx_word' id='word_1_59' title='bbox 1175 817 1287 855; x_wconf 89' lang='lat' dir='ltr'>non</span> <span class='ocrx_word' id='word_1_60' title='bbox 1341 806 1454 855; x_wconf 86' lang='lat' dir='ltr'>tam</span> <span class='ocrx_word' id='word_1_61' title='bbox 1508 802 1621 856; x_wconf 88' lang='lat' dir='ltr'>cito</span> <span class='ocrx_word' id='word_1_62' title='bbox 1680 802 1880 856; x_wconf 87' lang='lat' dir='ltr'>debent</span> <span class='ocrx_word' id='word_1_63' title='bbox 1924 802 2247 865; x_wconf 81' lang='lat' dir='ltr'>examinari,</span> 
     </span>
     <span class='ocr_line' id='line_1_9' title="bbox 363 877 2249 952; baseline -0.001 -19"><span class='ocrx_word' id='word_1_64' title='bbox 363 881 525 950; x_wconf 79' lang='lat' dir='ltr'>juxta</span> <span class='ocrx_word' id='word_1_65' title='bbox 581 895 748 932; x_wconf 88' lang='lat' dir='ltr'>meam</span> <span class='ocrx_word' id='word_1_66' title='bbox 789 877 1102 932; x_wconf 83' lang='lat' dir='ltr'>methodum</span> <span class='ocrx_word' id='word_1_67' title='bbox 1142 886 1437 951; x_wconf 74' lang='lat' dir='ltr'>supersunt</span> <span class='ocrx_word' id='word_1_68' title='bbox 1472 882 1615 936; x_wconf 88' lang='lat' dir='ltr'>enim</span> <span class='ocrx_word' id='word_1_69' title='bbox 1656 883 1837 952; x_wconf 85' lang='lat' dir='ltr'>magni</span> <span class='ocrx_word' id='word_1_70' title='bbox 1874 881 2141 935; x_wconf 80' lang='lat' dir='ltr'>momenti</span> <span class='ocrx_word' id='word_1_71' title='bbox 2174 897 2249 932; x_wconf 84' lang='lat' dir='ltr'>ve·</span> 
     </span>
     <span class='ocr_line' id='line_1_10' title="bbox 366 957 2247 1031; baseline 0 -18"><span class='ocrx_word' id='word_1_72' title='bbox 366 961 558 1013; x_wconf 86' lang='lat' dir='ltr'>ritates</span> <span class='ocrx_word' id='word_1_73' title='bbox 593 957 1032 1028; x_wconf 88' lang='lat' dir='ltr'>cognoscendae,</span> <span class='ocrx_word' id='word_1_74' title='bbox 1075 961 1391 1031; x_wconf 78' lang='lat' dir='ltr'>priusquam</span> <span class='ocrx_word' id='word_1_75' title='bbox 1428 962 1497 1016; x_wconf 82' lang='lat' dir='ltr'>ad</span> <span class='ocrx_word' id='word_1_76' title='bbox 1536 960 1737 1016; x_wconf 78' lang='lat' dir='ltr'>similia</span> <span class='ocrx_word' id='word_1_77' title='bbox 1776 961 2109 1015; x_wconf 77' lang='lat' dir='ltr'>descendere</span> <span class='ocrx_word' id='word_1_78' title='bbox 2138 977 2247 1014; x_wconf 86' lang='lat' dir='ltr'>con·</span> 
     </span>
     <span class='ocr_line' id='line_1_11' title="bbox 365 1037 2244 1115; baseline 0 -22"><span class='ocrx_word' id='word_1_79' title='bbox 365 1055 608 1099; x_wconf 84' lang='lat' dir='ltr'>cessum,</span> <span class='ocrx_word' id='word_1_80' title='bbox 669 1042 724 1091; x_wconf 88' lang='lat' dir='ltr'>et</span> <span class='ocrx_word' id='word_1_81' title='bbox 780 1037 826 1091; x_wconf 88' lang='lat' dir='ltr'>si</span> <span class='ocrx_word' id='word_1_82' title='bbox 882 1037 1100 1091; x_wconf 88' lang='lat' dir='ltr'>demum</span> <span class='ocrx_word' id='word_1_83' title='bbox 1137 1039 1241 1094; x_wconf 88' lang='lat' dir='ltr'>hac</span> <span class='ocrx_word' id='word_1_84' title='bbox 1276 1041 1486 1097; x_wconf 89' lang='lat' dir='ltr'>ratione</span> <span class='ocrx_word' id='word_1_85' title='bbox 1522 1041 1879 1115; x_wconf 85' lang='lat' dir='ltr'>procedamus</span> <span class='ocrx_word' id='word_1_86' title='bbox 1903 1083 1918 1104; x_wconf 89' lang='lat'>‚</span> <span class='ocrx_word' id='word_1_87' title='bbox 1978 1046 2120 1094; x_wconf 90' lang='lat' dir='ltr'>tune</span> <span class='ocrx_word' id='word_1_88' title='bbox 2152 1056 2244 1093; x_wconf 87' lang='lat' dir='ltr'>non</span> 
     </span>
     <span class='ocr_line' id='line_1_12' title="bbox 367 1116 2243 1190; baseline -0.001 -17"><span class='ocrx_word' id='word_1_89' title='bbox 367 1117 543 1173; x_wconf 88' lang='lat' dir='ltr'>solum</span> <span class='ocrx_word' id='word_1_90' title='bbox 582 1116 714 1172; x_wconf 88' lang='lat' dir='ltr'>haec</span> <span class='ocrx_word' id='word_1_91' title='bbox 751 1116 910 1172; x_wconf 88' lang='lat' dir='ltr'>nobis</span> <span class='ocrx_word' id='word_1_92' title='bbox 945 1123 1205 1188; x_wconf 81' lang='lat' dir='ltr'>superata</span> <span class='ocrx_word' id='word_1_93' title='bbox 1231 1120 1416 1175; x_wconf 83' lang='lat' dir='ltr'>facilia</span> <span class='ocrx_word' id='word_1_94' title='bbox 1440 1121 1805 1184; x_wconf 80' lang='lat' dir='ltr'>videbuntur,</span> <span class='ocrx_word' id='word_1_95' title='bbox 1848 1121 1943 1174; x_wconf 87' lang='lat' dir='ltr'>sed</span> <span class='ocrx_word' id='word_1_96' title='bbox 1972 1125 2034 1174; x_wconf 91' lang='lat' dir='ltr'>et</span> <span class='ocrx_word' id='word_1_97' title='bbox 2061 1119 2243 1190; x_wconf 86' lang='lat' dir='ltr'>reliqua</span> 
     </span>
     <span class='ocr_line' id='line_1_13' title="bbox 367 1198 2241 1272; baseline -0.001 -18"><span class='ocrx_word' id='word_1_98' title='bbox 367 1198 542 1254; x_wconf 86' lang='lat' dir='ltr'>multo</span> <span class='ocrx_word' id='word_1_99' title='bbox 580 1198 664 1253; x_wconf 89' lang='lat' dir='ltr'>his</span> <span class='ocrx_word' id='word_1_100' title='bbox 700 1198 879 1253; x_wconf 84' lang='lat' dir='ltr'>adhuc</span> <span class='ocrx_word' id='word_1_101' title='bbox 917 1198 1239 1268; x_wconf 87' lang='lat' dir='ltr'>specialiora</span> <span class='ocrx_word' id='word_1_102' title='bbox 1275 1200 1392 1270; x_wconf 88' lang='lat' dir='ltr'>pari</span> <span class='ocrx_word' id='word_1_103' title='bbox 1431 1201 1687 1272; x_wconf 79' lang='lat' dir='ltr'>deinceps</span> <span class='ocrx_word' id='word_1_104' title='bbox 1723 1199 1995 1256; x_wconf 77' lang='lat' dir='ltr'>facilitate</span> <span class='ocrx_word' id='word_1_105' title='bbox 2040 1215 2241 1272; x_wconf 83' lang='lat' dir='ltr'>cognos-</span> 
     </span>
     <span class='ocr_line' id='line_1_14' title="bbox 367 1279 2238 1352; baseline -0.002 -17"><span class='ocrx_word' id='word_1_106' title='bbox 367 1297 581 1342; x_wconf 86' lang='lat' dir='ltr'>cemus;</span> <span class='ocrx_word' id='word_1_107' title='bbox 646 1279 775 1334; x_wconf 87' lang='lat' dir='ltr'>lieet</span> <span class='ocrx_word' id='word_1_108' title='bbox 831 1279 1016 1350; x_wconf 86' lang='lat' dir='ltr'>itaque</span> <span class='ocrx_word' id='word_1_109' title='bbox 1067 1280 1242 1334; x_wconf 84' lang='lat' dir='ltr'>fatear</span> <span class='ocrx_word' id='word_1_110' title='bbox 1290 1281 1437 1351; x_wconf 90' lang='lat' dir='ltr'>quod</span> <span class='ocrx_word' id='word_1_111' title='bbox 1480 1298 1583 1352; x_wconf 85' lang='lat' dir='ltr'>ego</span> <span class='ocrx_word' id='word_1_112' title='bbox 1620 1282 1679 1335; x_wconf 88' lang='lat' dir='ltr'>in</span> <span class='ocrx_word' id='word_1_113' title='bbox 1718 1281 1959 1352; x_wconf 78' lang='lat' dir='ltr'>physicis</span> <span class='ocrx_word' id='word_1_114' title='bbox 1996 1298 2111 1334; x_wconf 88' lang='lat' dir='ltr'>non</span> <span class='ocrx_word' id='word_1_115' title='bbox 2144 1295 2238 1333; x_wconf 75' lang='lat' dir='ltr'>suin</span> 
     </span>
     <span class='ocr_line' id='line_1_15' title="bbox 337 1358 2238 1431; baseline -0.001 -20"><span class='ocrx_word' id='word_1_116' title='bbox 337 1363 706 1414; x_wconf 87' lang='lat' dir='ltr'>.tractaturus</span> <span class='ocrx_word' id='word_1_117' title='bbox 755 1359 862 1412; x_wconf 88' lang='lat' dir='ltr'>nisi</span> <span class='ocrx_word' id='word_1_118' title='bbox 917 1358 1223 1429; x_wconf 85' lang='lat' dir='ltr'>generalia,</span> <span class='ocrx_word' id='word_1_119' title='bbox 1280 1377 1519 1431; x_wconf 86' lang='lat' dir='ltr'>eousque</span> <span class='ocrx_word' id='word_1_120' title='bbox 1556 1366 1739 1414; x_wconf 85' lang='lat' dir='ltr'>tamen</span> <span class='ocrx_word' id='word_1_121' title='bbox 1778 1360 2139 1421; x_wconf 86' lang='lat' dir='ltr'>descendam,</span> <span class='ocrx_word' id='word_1_122' title='bbox 2186 1361 2238 1410; x_wconf 80' lang='lat' dir='ltr'>nt</span> 
     </span>
     <span class='ocr_line' id='line_1_16' title="bbox 368 1436 2227 1509; baseline -0.002 -16"><span class='ocrx_word' id='word_1_123' title='bbox 368 1439 562 1494; x_wconf 86' lang='lat' dir='ltr'>horum</span> <span class='ocrx_word' id='word_1_124' title='bbox 597 1455 738 1509; x_wconf 89' lang='lat' dir='ltr'>quae</span> <span class='ocrx_word' id='word_1_125' title='bbox 773 1438 920 1492; x_wconf 86' lang='lat' dir='ltr'>intra</span> <span class='ocrx_word' id='word_1_126' title='bbox 957 1441 1157 1492; x_wconf 85' lang='lat' dir='ltr'>terram</span> <span class='ocrx_word' id='word_1_127' title='bbox 1193 1447 1451 1494; x_wconf 84' lang='lat' dir='ltr'>crescunt</span> <span class='ocrx_word' id='word_1_128' title='bbox 1486 1439 1661 1494; x_wconf 87' lang='lat' dir='ltr'>veluti</span> <span class='ocrx_word' id='word_1_129' title='bbox 1701 1439 2050 1494; x_wconf 84' lang='lat' dir='ltr'>metallorum</span> <span class='ocrx_word' id='word_1_130' title='bbox 2090 1436 2227 1494; x_wconf 81' lang='lat' dir='ltr'>etmi-</span> 
     </span>
     <span class='ocr_line' id='line_1_17' title="bbox 369 1517 2229 1590; baseline -0.001 -17"><span class='ocrx_word' id='word_1_131' title='bbox 369 1517 676 1580; x_wconf 86' lang='lat' dir='ltr'>neralium,</span> <span class='ocrx_word' id='word_1_132' title='bbox 731 1521 836 1572; x_wconf 87' lang='lat' dir='ltr'>etc.</span> <span class='ocrx_word' id='word_1_133' title='bbox 891 1517 986 1572; x_wconf 88' lang='lat' dir='ltr'>sed</span> <span class='ocrx_word' id='word_1_134' title='bbox 1022 1517 1291 1588; x_wconf 85' lang='lat' dir='ltr'>imprimis</span> <span class='ocrx_word' id='word_1_135' title='bbox 1328 1518 1717 1590; x_wconf 77' lang='lat' dir='ltr'>vegetabilium</span> <span class='ocrx_word' id='word_1_136' title='bbox 1748 1523 1803 1574; x_wconf 91' lang='lat' dir='ltr'>et</span> <span class='ocrx_word' id='word_1_137' title='bbox 1828 1519 2229 1590; x_wconf 72' lang='lat' dir='ltr'>animalia-ge-</span> 
     </span>
     <span class='ocr_line' id='line_1_18' title="bbox 369 1597 2235 1668; baseline -0.002 -15"><span class='ocrx_word' id='word_1_138' title='bbox 369 1599 705 1653; x_wconf 85' lang='lat' dir='ltr'>nerationem</span> <span class='ocrx_word' id='word_1_139' title='bbox 742 1614 774 1650; x_wconf 90' lang='lat' dir='ltr'>a</span> <span class='ocrx_word' id='word_1_140' title='bbox 809 1597 976 1668; x_wconf 85' lang='lat' dir='ltr'>priori</span> <span class='ocrx_word' id='word_1_141' title='bbox 1013 1600 1068 1651; x_wconf 91' lang='lat' dir='ltr'>et</span> <span class='ocrx_word' id='word_1_142' title='bbox 1105 1597 1493 1668; x_wconf 79' lang='lat' dir='ltr'>experimentis</span> <span class='ocrx_word' id='word_1_143' title='bbox 1530 1599 1943 1662; x_wconf 61' lang='lat' dir='ltr'>determinatim</span> <span class='ocrx_word' id='word_1_144' title='bbox 1992 1601 2088 1654; x_wconf 86' lang='lat' dir='ltr'>ubi</span> <span class='ocrx_word' id='word_1_145' title='bbox 2120 1601 2235 1653; x_wconf 73' lang='lat' dir='ltr'>certe</span> 
     </span>
     <span class='ocr_line' id='line_1_19' title="bbox 369 1675 2236 1751; baseline -0.001 -19"><span class='ocrx_word' id='word_1_146' title='bbox 369 1683 483 1732; x_wconf 91' lang='lat' dir='ltr'>tam</span> <span class='ocrx_word' id='word_1_147' title='bbox 539 1675 844 1744; x_wconf 86' lang='lat' dir='ltr'>singulares</span> <span class='ocrx_word' id='word_1_148' title='bbox 897 1677 1164 1732; x_wconf 83' lang='lat' dir='ltr'>exhibebo</span> <span class='ocrx_word' id='word_1_149' title='bbox 1210 1681 1605 1748; x_wconf 79' lang='lat' dir='ltr'>experientias,</span> <span class='ocrx_word' id='word_1_150' title='bbox 1670 1697 1809 1751; x_wconf 87' lang='lat' dir='ltr'>quae</span> <span class='ocrx_word' id='word_1_151' title='bbox 1847 1679 2053 1736; x_wconf 85' lang='lat' dir='ltr'>nullibi</span> <span class='ocrx_word' id='word_1_152' title='bbox 2090 1678 2236 1734; x_wconf 74' lang='lat' dir='ltr'>adhuc</span> 
     </span>
     <span class='ocr_line' id='line_1_20' title="bbox 369 1757 2237 1832; baseline -0.001 -19"><span class='ocrx_word' id='word_1_153' title='bbox 369 1761 594 1823; x_wconf 84' lang='lat' dir='ltr'>extant,</span> <span class='ocrx_word' id='word_1_154' title='bbox 641 1775 740 1813; x_wconf 89' lang='lat' dir='ltr'>nec</span> <span class='ocrx_word' id='word_1_155' title='bbox 776 1758 915 1813; x_wconf 83' lang='lat' dir='ltr'>forte</span> <span class='ocrx_word' id='word_1_156' title='bbox 953 1757 1130 1813; x_wconf 90' lang='lat' dir='ltr'>adhuc</span> <span class='ocrx_word' id='word_1_157' title='bbox 1167 1776 1265 1831; x_wconf 86' lang='lat' dir='ltr'>per</span> <span class='ocrx_word' id='word_1_158' title='bbox 1300 1758 1515 1832; x_wconf 79' lang='lat' dir='ltr'>aliquot</span> <span class='ocrx_word' id='word_1_159' title='bbox 1550 1760 1737 1817; x_wconf 86' lang='lat' dir='ltr'>secula</span> <span class='ocrx_word' id='word_1_160' title='bbox 1775 1759 2081 1821; x_wconf 80' lang='lat' dir='ltr'>extabunt:</span> <span class='ocrx_word' id='word_1_161' title='bbox 2140 1769 2237 1812; x_wconf 73' lang='lat' dir='ltr'>nan</span> 
     </span>
     <span class='ocr_line' id='line_1_21' title="bbox 369 1837 2239 1912; baseline -0.003 -17"><span class='ocrx_word' id='word_1_162' title='bbox 369 1838 552 1895; x_wconf 87' lang='lat' dir='ltr'>omnia</span> <span class='ocrx_word' id='word_1_163' title='bbox 605 1838 770 1893; x_wconf 90' lang='lat' dir='ltr'>nimis</span> <span class='ocrx_word' id='word_1_164' title='bbox 822 1838 892 1891; x_wconf 91' lang='lat' dir='ltr'>ad</span> <span class='ocrx_word' id='word_1_165' title='bbox 947 1837 1208 1909; x_wconf 82' lang='lat' dir='ltr'>specialia</span> <span class='ocrx_word' id='word_1_166' title='bbox 1270 1845 1565 1910; x_wconf 82' lang='lat' dir='ltr'>properant</span> <span class='ocrx_word' id='word_1_167' title='bbox 1618 1858 1759 1912; x_wconf 86' lang='lat' dir='ltr'>qnae</span> <span class='ocrx_word' id='word_1_168' title='bbox 1799 1856 2027 1912; x_wconf 86' lang='lat' dir='ltr'>paucam</span> <span class='ocrx_word' id='word_1_169' title='bbox 2068 1840 2239 1894; x_wconf 72' lang='lat' dir='ltr'>habent</span> 
     </span>
     <span class='ocr_line' id='line_1_22' title="bbox 375 1916 2241 1992; baseline -0.001 -19"><span class='ocrx_word' id='word_1_170' title='bbox 375 1918 704 1983; x_wconf 81' lang='lat' dir='ltr'>utilitatem,</span> <span class='ocrx_word' id='word_1_171' title='bbox 783 1935 906 1973; x_wconf 86' lang='lat' dir='ltr'>cum</span> <span class='ocrx_word' id='word_1_172' title='bbox 963 1936 1082 1973; x_wconf 87' lang='lat' dir='ltr'>mea</span> <span class='ocrx_word' id='word_1_173' title='bbox 1131 1918 1359 1973; x_wconf 87' lang='lat' dir='ltr'>inventa</span> <span class='ocrx_word' id='word_1_174' title='bbox 1412 1919 1629 1990; x_wconf 85' lang='lat' dir='ltr'>objecta</span> <span class='ocrx_word' id='word_1_175' title='bbox 1684 1938 1945 1992; x_wconf 83' lang='lat' dir='ltr'>perquam</span> <span class='ocrx_word' id='word_1_176' title='bbox 1995 1916 2241 1991; x_wconf 74' lang='lat' dir='ltr'>generalis</span> 
     </span>
     <span class='ocr_line' id='line_1_23' title="bbox 371 1998 2239 2073; baseline -0.003 -17"><span class='ocrx_word' id='word_1_177' title='bbox 371 2000 700 2073; x_wconf 82' lang='lat' dir='ltr'>respiciant,</span> <span class='ocrx_word' id='word_1_178' title='bbox 757 2019 801 2057; x_wconf 91' lang='lat' dir='ltr'>e.</span> <span class='ocrx_word' id='word_1_179' title='bbox 856 2019 908 2071; x_wconf 87' lang='lat' dir='ltr'>g.</span> <span class='ocrx_word' id='word_1_180' title='bbox 962 2001 1206 2055; x_wconf 87' lang='lat' dir='ltr'>omnium</span> <span class='ocrx_word' id='word_1_181' title='bbox 1244 1998 1527 2055; x_wconf 82' lang='lat' dir='ltr'>volucrum</span> <span class='ocrx_word' id='word_1_182' title='bbox 1567 2000 1801 2070; x_wconf 83' lang='lat' dir='ltr'>piscium</span> <span class='ocrx_word' id='word_1_183' title='bbox 1840 2000 2118 2071; x_wconf 83' lang='lat' dir='ltr'>reptilium</span> <span class='ocrx_word' id='word_1_184' title='bbox 2152 2002 2239 2053; x_wconf 79' lang='lat' dir='ltr'>ete.</span> 
     </span>
     <span class='ocr_line' id='line_1_24' title="bbox 373 2080 2244 2153; baseline -0.002 -18"><span class='ocrx_word' id='word_1_185' title='bbox 373 2080 778 2153; x_wconf 86' lang='lat' dir='ltr'>generationem</span> <span class='ocrx_word' id='word_1_186' title='bbox 818 2097 926 2134; x_wconf 93' lang='lat' dir='ltr'>non</span> <span class='ocrx_word' id='word_1_187' title='bbox 965 2080 1130 2135; x_wconf 85' lang='lat' dir='ltr'>unius</span> <span class='ocrx_word' id='word_1_188' title='bbox 1169 2080 1466 2135; x_wconf 87' lang='lat' dir='ltr'>alteriusve</span> <span class='ocrx_word' id='word_1_189' title='bbox 1502 2080 1623 2135; x_wconf 81' lang='lat' dir='ltr'>avis</span> <span class='ocrx_word' id='word_1_190' title='bbox 1647 2122 1661 2143; x_wconf 92' lang='lat'>,</span> <span class='ocrx_word' id='word_1_191' title='bbox 1703 2080 1906 2151; x_wconf 87' lang='lat' dir='ltr'>piscis,</span> <span class='ocrx_word' id='word_1_192' title='bbox 1944 2086 2048 2137; x_wconf 90' lang='lat' dir='ltr'>etc.</span> <span class='ocrx_word' id='word_1_193' title='bbox 2107 2082 2244 2133; x_wconf 82' lang='lat' dir='ltr'>natu-</span> 
     </span>
     <span class='ocr_line' id='line_1_25' title="bbox 371 2156 2242 2230; baseline -0.004 -14"><span class='ocrx_word' id='word_1_194' title='bbox 371 2178 518 2225; x_wconf 87' lang='lat' dir='ltr'>ram,</span> <span class='ocrx_word' id='word_1_195' title='bbox 560 2166 616 2215; x_wconf 89' lang='lat' dir='ltr'>et</span> <span class='ocrx_word' id='word_1_196' title='bbox 651 2160 721 2214; x_wconf 90' lang='lat' dir='ltr'>ob</span> <span class='ocrx_word' id='word_1_197' title='bbox 757 2160 814 2214; x_wconf 89' lang='lat' dir='ltr'>id</span> <span class='ocrx_word' id='word_1_198' title='bbox 852 2161 1168 2215; x_wconf 86' lang='lat' dir='ltr'>immensam</span> <span class='ocrx_word' id='word_1_199' title='bbox 1211 2160 1509 2214; x_wconf 86' lang='lat' dir='ltr'>utilitatem</span> <span class='ocrx_word' id='word_1_200' title='bbox 1548 2158 1771 2214; x_wconf 86' lang='lat' dir='ltr'>habent.</span> <span class='ocrx_word' id='word_1_201' title='bbox 1824 2160 1971 2215; x_wconf 84' lang='lat' dir='ltr'>Nam</span> <span class='ocrx_word' id='word_1_202' title='bbox 2008 2176 2104 2230; x_wconf 89' lang='lat' dir='ltr'>ego</span> <span class='ocrx_word' id='word_1_203' title='bbox 2128 2156 2242 2212; x_wconf 75' lang='lat' dir='ltr'>talia</span> 
     </span>
     <span class='ocr_line' id='line_1_26' title="bbox 369 2234 2241 2312; baseline -0.005 -16"><span class='ocrx_word' id='word_1_204' title='bbox 369 2240 740 2312; x_wconf 82' lang='lat' dir='ltr'>experimenta</span> <span class='ocrx_word' id='word_1_205' title='bbox 793 2239 966 2302; x_wconf 79' lang='lat' dir='ltr'>facie,</span> <span class='ocrx_word' id='word_1_206' title='bbox 1028 2244 1090 2294; x_wconf 90' lang='lat' dir='ltr'>ut</span> <span class='ocrx_word' id='word_1_207' title='bbox 1138 2241 1365 2295; x_wconf 81' lang='lat' dir='ltr'>unicum</span> <span class='ocrx_word' id='word_1_208' title='bbox 1421 2238 1555 2293; x_wconf 88' lang='lat' dir='ltr'>mihi</span> <span class='ocrx_word' id='word_1_209' title='bbox 1610 2238 1755 2292; x_wconf 82' lang='lat' dir='ltr'>viam</span> <span class='ocrx_word' id='word_1_210' title='bbox 1793 2240 2007 2309; x_wconf 86' lang='lat' dir='ltr'>aperiat</span> <span class='ocrx_word' id='word_1_211' title='bbox 2042 2239 2107 2291; x_wconf 87' lang='lat' dir='ltr'>ad</span> <span class='ocrx_word' id='word_1_212' title='bbox 2140 2234 2241 2290; x_wconf 67' lang='lat' dir='ltr'>infi-</span> 
     </span>
     <span class='ocr_line' id='line_1_27' title="bbox 371 2312 2242 2391; baseline -0.004 -16"><span class='ocrx_word' id='word_1_213' title='bbox 371 2322 490 2375; x_wconf 86' lang='lat' dir='ltr'>nita</span> <span class='ocrx_word' id='word_1_214' title='bbox 529 2320 915 2391; x_wconf 85' lang='lat' dir='ltr'>excogitanda,</span> <span class='ocrx_word' id='word_1_215' title='bbox 959 2323 1014 2373; x_wconf 87' lang='lat' dir='ltr'>et</span> <span class='ocrx_word' id='word_1_216' title='bbox 1052 2319 1098 2374; x_wconf 91' lang='lat' dir='ltr'>si</span> <span class='ocrx_word' id='word_1_217' title='bbox 1135 2322 1363 2375; x_wconf 89' lang='lat' dir='ltr'>unicum</span> <span class='ocrx_word' id='word_1_218' title='bbox 1401 2319 1541 2374; x_wconf 88' lang='lat' dir='ltr'>utile</span> <span class='ocrx_word' id='word_1_219' title='bbox 1576 2320 1689 2373; x_wconf 83' lang='lat' dir='ltr'>fere</span> <span class='ocrx_word' id='word_1_220' title='bbox 1726 2319 1947 2375; x_wconf 76' lang='lat' dir='ltr'>infinita</span> <span class='ocrx_word' id='word_1_221' title='bbox 1983 2318 2135 2373; x_wconf 76' lang='lat' dir='ltr'>utilis</span> <span class='ocrx_word' id='word_1_222' title='bbox 2168 2312 2242 2367; x_wconf 82' lang='lat' dir='ltr'>hic</span> 
     </span>
     <span class='ocr_line' id='line_1_28' title="bbox 371 2393 2242 2471; baseline -0.003 -15"><span class='ocrx_word' id='word_1_223' title='bbox 371 2400 683 2462; x_wconf 83' lang='lat' dir='ltr'>resultant,</span> <span class='ocrx_word' id='word_1_224' title='bbox 729 2404 892 2471; x_wconf 86' lang='lat' dir='ltr'>prout</span> <span class='ocrx_word' id='word_1_225' title='bbox 929 2400 1225 2471; x_wconf 81' lang='lat' dir='ltr'>aliquando</span> <span class='ocrx_word' id='word_1_226' title='bbox 1264 2398 1467 2454; x_wconf 85' lang='lat' dir='ltr'>similia</span> <span class='ocrx_word' id='word_1_227' title='bbox 1504 2398 1753 2463; x_wconf 82' lang='lat' dir='ltr'>videbis,</span> <span class='ocrx_word' id='word_1_228' title='bbox 1807 2398 1904 2453; x_wconf 86' lang='lat' dir='ltr'>ubi</span> <span class='ocrx_word' id='word_1_229' title='bbox 1944 2414 2087 2453; x_wconf 87' lang='lat' dir='ltr'>nova</span> <span class='ocrx_word' id='word_1_230' title='bbox 2120 2393 2242 2465; x_wconf 73' lang='lat' dir='ltr'>agri·</span> 
     </span>
    </p>

    <p class='ocr_par' dir='ltr' id='par_1_5' title="bbox 373 2476 2237 2549">
     <span class='ocr_line' id='line_1_29' title="bbox 373 2476 2237 2549; baseline -0.005 -13"><span class='ocrx_word' id='word_1_231' title='bbox 373 2480 592 2537; x_wconf 80' lang='lat' dir='ltr'>cultura</span> <span class='ocrx_word' id='word_1_232' title='bbox 664 2488 796 2545; x_wconf 86' lang='lat' dir='ltr'>(non</span> <span class='ocrx_word' id='word_1_233' title='bbox 851 2480 1024 2535; x_wconf 88' lang='lat' dir='ltr'>tritici</span> <span class='ocrx_word' id='word_1_234' title='bbox 1081 2478 1274 2533; x_wconf 87' lang='lat' dir='ltr'>saltem</span> <span class='ocrx_word' id='word_1_235' title='bbox 1332 2480 1427 2533; x_wconf 88' lang='lat' dir='ltr'>sed</span> <span class='ocrx_word' id='word_1_236' title='bbox 1485 2478 1768 2533; x_wconf 83' lang='lat' dir='ltr'>omnnium</span> <span class='ocrx_word' id='word_1_237' title='bbox 1815 2476 2237 2549; x_wconf 83' lang='lat' dir='ltr'>vegetabilium).</span> 
     </span>
    </p>

    <p class='ocr_par' dir='ltr' id='par_1_6' title="bbox 376 2559 2245 3107">
     <span class='ocr_line' id='line_1_30' title="bbox 376 2559 2243 2631; baseline -0.005 -16"><span class='ocrx_word' id='word_1_238' title='bbox 376 2578 520 2615; x_wconf 87' lang='lat' dir='ltr'>nova</span> <span class='ocrx_word' id='word_1_239' title='bbox 577 2559 844 2614; x_wconf 86' lang='lat' dir='ltr'>medicina</span> <span class='ocrx_word' id='word_1_240' title='bbox 905 2566 1064 2631; x_wconf 87' lang='lat' dir='ltr'>(quae</span> <span class='ocrx_word' id='word_1_241' title='bbox 1121 2576 1343 2629; x_wconf 88' lang='lat' dir='ltr'>prorsus</span> <span class='ocrx_word' id='word_1_242' title='bbox 1398 2559 1508 2613; x_wconf 87' lang='lat' dir='ltr'>alia</span> <span class='ocrx_word' id='word_1_243' title='bbox 1545 2559 1795 2614; x_wconf 88' lang='lat' dir='ltr'>continet</span> <span class='ocrx_word' id='word_1_244' title='bbox 1830 2574 1993 2631; x_wconf 88' lang='lat' dir='ltr'>quam</span> <span class='ocrx_word' id='word_1_245' title='bbox 2028 2574 2091 2610; x_wconf 85' lang='lat' dir='ltr'>ea</span> <span class='ocrx_word' id='word_1_246' title='bbox 2120 2570 2243 2625; x_wconf 73' lang='lat' dir='ltr'>quae</span> 
     </span>
     <span class='ocr_line' id='line_1_31' title="bbox 377 2636 2245 2709; baseline -0.006 -13"><span class='ocrx_word' id='word_1_247' title='bbox 377 2642 642 2695; x_wconf 85' lang='lat' dir='ltr'>hactenus</span> <span class='ocrx_word' id='word_1_248' title='bbox 689 2638 960 2709; x_wconf 79' lang='lat' dir='ltr'>publicavi</span> <span class='ocrx_word' id='word_1_249' title='bbox 1017 2636 1121 2693; x_wconf 88' lang='lat' dir='ltr'>snb</span> <span class='ocrx_word' id='word_1_250' title='bbox 1173 2638 1343 2693; x_wconf 83' lang='lat' dir='ltr'>titulo</span> <span class='ocrx_word' id='word_1_251' title='bbox 1399 2638 1703 2695; x_wconf 82' lang='lat' dir='ltr'>medicinae</span> <span class='ocrx_word' id='word_1_252' title='bbox 1764 2638 2059 2709; x_wconf 83' lang='lat' dir='ltr'>corporis),</span> <span class='ocrx_word' id='word_1_253' title='bbox 2116 2646 2245 2687; x_wconf 72' lang='lat' dir='ltr'>nova</span> 
     </span>
     <span class='ocr_line' id='line_1_32' title="bbox 377 2718 2241 2791; baseline -0.005 -17"><span class='ocrx_word' id='word_1_254' title='bbox 377 2720 653 2791; x_wconf 73' lang='lat' dir='ltr'>chymica‚</span> <span class='ocrx_word' id='word_1_255' title='bbox 695 2736 837 2773; x_wconf 83' lang='lat' dir='ltr'>nova</span> <span class='ocrx_word' id='word_1_256' title='bbox 873 2718 1249 2781; x_wconf 83' lang='lat' dir='ltr'>oeconomica,</span> <span class='ocrx_word' id='word_1_257' title='bbox 1292 2736 1436 2773; x_wconf 82' lang='lat' dir='ltr'>nova</span> <span class='ocrx_word' id='word_1_258' title='bbox 1474 2718 1821 2782; x_wconf 82' lang='lat' dir='ltr'>mechanica,</span> <span class='ocrx_word' id='word_1_259' title='bbox 1861 2718 1959 2773; x_wconf 87' lang='lat' dir='ltr'>ubi</span> <span class='ocrx_word' id='word_1_260' title='bbox 1986 2718 2122 2772; x_wconf 81' lang='lat' dir='ltr'>certe</span> <span class='ocrx_word' id='word_1_261' title='bbox 2142 2726 2241 2767; x_wconf 86' lang='lat' dir='ltr'>non</span> 
     </span>
     <span class='ocr_line' id='line_1_33' title="bbox 379 2791 2240 2871; baseline -0.005 -18"><span class='ocrx_word' id='word_1_262' title='bbox 379 2798 606 2853; x_wconf 88' lang='lat' dir='ltr'>inutiles</span> <span class='ocrx_word' id='word_1_263' title='bbox 657 2797 1056 2869; x_wconf 85' lang='lat' dir='ltr'>speeulationes</span> <span class='ocrx_word' id='word_1_264' title='bbox 1099 2798 1196 2852; x_wconf 88' lang='lat' dir='ltr'>sed</span> <span class='ocrx_word' id='word_1_265' title='bbox 1234 2799 1609 2869; x_wconf 83' lang='lat' dir='ltr'>experimenta</span> <span class='ocrx_word' id='word_1_266' title='bbox 1644 2816 1784 2871; x_wconf 86' lang='lat' dir='ltr'>quae</span> <span class='ocrx_word' id='word_1_267' title='bbox 1820 2796 2159 2853; x_wconf 83' lang='lat' dir='ltr'>sensibiliter</span> <span class='ocrx_word' id='word_1_268' title='bbox 2170 2791 2240 2845; x_wconf 78' lang='lat' dir='ltr'>rei</span> 
     </span>
     <span class='ocr_line' id='line_1_34' title="bbox 377 2870 2242 2949; baseline 0 -20"><span class='ocrx_word' id='word_1_269' title='bbox 377 2878 664 2931; x_wconf 83' lang='lat' dir='ltr'>veritatem</span> <span class='ocrx_word' id='word_1_270' title='bbox 721 2882 848 2931; x_wconf 85' lang='lat' dir='ltr'>ante</span> <span class='ocrx_word' id='word_1_271' title='bbox 901 2877 1090 2932; x_wconf 86' lang='lat' dir='ltr'>oculos</span> <span class='ocrx_word' id='word_1_272' title='bbox 1127 2880 1357 2947; x_wconf 88' lang='lat' dir='ltr'>ponunt.</span> <span class='ocrx_word' id='word_1_273' title='bbox 1428 2876 1587 2933; x_wconf 85' lang='lat' dir='ltr'>Tune</span> <span class='ocrx_word' id='word_1_274' title='bbox 1622 2877 1909 2949; x_wconf 86' lang='lat' dir='ltr'>apparebit</span> <span class='ocrx_word' id='word_1_275' title='bbox 1945 2892 2077 2949; x_wconf 85' lang='lat' dir='ltr'>quae</span> <span class='ocrx_word' id='word_1_276' title='bbox 2106 2870 2242 2926; x_wconf 70' lang='lat' dir='ltr'>diffe-</span> 
     </span>
     <span class='ocr_line' id='line_1_35' title="bbox 384 2948 2245 3029; baseline -0.004 -18"><span class='ocrx_word' id='word_1_277' title='bbox 384 2956 562 3011; x_wconf 88' lang='lat' dir='ltr'>rentia</span> <span class='ocrx_word' id='word_1_278' title='bbox 598 2957 700 3019; x_wconf 87' lang='lat' dir='ltr'>sit,</span> <span class='ocrx_word' id='word_1_279' title='bbox 739 2957 786 3011; x_wconf 87' lang='lat' dir='ltr'>si</span> <span class='ocrx_word' id='word_1_280' title='bbox 823 2956 1026 3012; x_wconf 85' lang='lat' dir='ltr'>similia</span> <span class='ocrx_word' id='word_1_281' title='bbox 1059 2974 1094 3011; x_wconf 87' lang='lat' dir='ltr'>a</span> <span class='ocrx_word' id='word_1_282' title='bbox 1128 2956 1454 3027; x_wconf 84' lang='lat' dir='ltr'>philosopho</span> <span class='ocrx_word' id='word_1_283' title='bbox 1486 2960 1827 3021; x_wconf 82' lang='lat' dir='ltr'>tractentur,</span> <span class='ocrx_word' id='word_1_284' title='bbox 1886 2957 1979 3029; x_wconf 85' lang='lat' dir='ltr'>qni</span> <span class='ocrx_word' id='word_1_285' title='bbox 2018 2955 2143 3009; x_wconf 83' lang='lat' dir='ltr'>bona</span> <span class='ocrx_word' id='word_1_286' title='bbox 2174 2948 2245 3005; x_wconf 79' lang='lat' dir='ltr'>sit</span> 
     </span>
     <span class='ocr_line' id='line_1_36' title="bbox 389 3029 2242 3107; baseline -0.003 -18"><span class='ocrx_word' id='word_1_287' title='bbox 389 3034 640 3089; x_wconf 87' lang='lat' dir='ltr'>methodo</span> <span class='ocrx_word' id='word_1_288' title='bbox 696 3035 998 3091; x_wconf 86' lang='lat' dir='ltr'>instructus</span> <span class='ocrx_word' id='word_1_289' title='bbox 1051 3040 1109 3091; x_wconf 88' lang='lat' dir='ltr'>et</span> <span class='ocrx_word' id='word_1_290' title='bbox 1162 3036 1235 3090; x_wconf 87' lang='lat' dir='ltr'>ab</span> <span class='ocrx_word' id='word_1_291' title='bbox 1282 3036 1561 3107; x_wconf 83' lang='lat' dir='ltr'>empirice.</span> <span class='ocrx_word' id='word_1_292' title='bbox 1638 3036 1733 3092; x_wconf 86' lang='lat' dir='ltr'>Sic</span> <span class='ocrx_word' id='word_1_293' title='bbox 1782 3056 1829 3093; x_wconf 88' lang='lat' dir='ltr'>e.</span> <span class='ocrx_word' id='word_1_294' title='bbox 1866 3054 1925 3107; x_wconf 85' lang='lat' dir='ltr'>g.</span> <span class='ocrx_word' id='word_1_295' title='bbox 1960 3032 2159 3090; x_wconf 75' lang='lat' dir='ltr'>videbis</span> <span class='ocrx_word' id='word_1_296' title='bbox 2186 3029 2242 3083; x_wconf 80' lang='lat' dir='ltr'>in</span> 
     </span>
    </p>
   </div>
   <div class='ocr_carea' id='block_1_5' title="bbox 2380 61 2400 2061">
    <p class='ocr_par' dir='ltr' id='par_1_7' title="bbox 2380 61 2400 2061">
     <span class='ocr_line' id='line_1_37' title="bbox 2380 61 2400 2061; baseline 0 0"><span class='ocrx_word' id='word_1_297' title='bbox 2380 61 2400 2061; x_wconf 95' lang='lat' dir='ltr'> </span> 
     </span>
    </p>
   </div>
  </div>
 </body>
</html>
