2432 3554
1013 197 1130 256 309

997 439 1025 512 ς
1063 440 1151 496 10.

197 596 419 652 Praeter
473 598 627 653 illam
664 617 824 672 quam
863 601 890 672 ἦ
929 599 961 653 6
999 597 1251 652 dedimus
1288 595 1653 666 Oldenburgii
1692 595 2013 667 epistolam,

134 676 294 732 altera
330 677 449 748 ejus
485 679 694 734 inedita
732 679 1045 742 invenitur,
1083 695 1192 750 qua
1218 677 1288 732 ad
1320 677 1587 748 Spinozae
1612 676 1763 731 illam
1793 679 1849 732 in
1877 680 2015 733 Bru-

135 756 238 810 deri
294 757 536 813 editione
590 759 902 814 vicesimam
955 757 1204 829 quintam
1242 759 1321 828 (p.
1372 757 1475 812 202
1516 763 1657 828 sqq.)
1699 757 2013 827 respondit,

133 853 337 908 quaque
393 837 728 893 stolidiorem
775 855 927 893 suam
965 837 1023 891 in
1060 836 1453 908 philosophicis
1494 840 1726 891 mentem
1768 837 2019 892 manifes-

133 918 236 980 tat,
277 917 336 971 in
375 934 440 971 eo
475 934 604 971 vero
641 918 786 990 quod
825 918 892 972 de
929 916 1136 973 Christi
1173 917 1571 971 resurrectione
1596 933 1766 988 aeque
1793 915 2019 972 literali·

133 998 207 1049 ter
241 1013 305 1052 ac
343 1001 525 1052 cetera
550 997 838 1053 tractanda
863 995 1284 1060 animadvertit,
1326 999 1474 1050 recte
1500 995 1721 1050 omnino
1740 994 2019 1066 judicasse

133 1075 388 1132 dicendus
425 1077 546 1134 erit.

586 1229 880 1284 Clarissimo
913 1229 1024 1282 viro
1061 1227 1215 1281 Dom.
1251 1225 1532 1280 Benedicta
1568 1226 1633 1280 de
1668 1224 1895 1296 Spinoza

996 1309 1162 1363 Henr.
1209 1306 1502 1376 Oldenburq

186 1473 255 1528 In
295 1472 611 1529 novissimis
649 1474 762 1528 tuis
797 1475 830 1532 7
868 1474 1030 1529 Febr.
1073 1474 1142 1528 ad
1182 1491 1267 1527 me
1300 1471 1537 1527 exaratis
1561 1478 1857 1542 supersunt
1882 1491 2017 1528 non-

127 1552 271 1608 nulla
327 1569 468 1624 quae
524 1552 841 1608 stricturam
879 1553 1072 1608 mereri
1110 1553 1389 1608 videntur.
1466 1551 1601 1613 Ais,
1655 1553 1807 1622 queri
1847 1552 2017 1610 homi-

125 1648 238 1686 nem
292 1649 404 1686 non
448 1647 638 1704 posse,
693 1632 839 1704 quod
876 1631 1030 1687 Deus
1068 1633 1174 1705 ipsi
1212 1649 1396 1687 veram
1434 1631 1521 1686 sui
1558 1631 1925 1702 cognitionem
1964 1639 2021 1690 et

126 1711 450 1768 sufficientes
505 1713 574 1767 ad
610 1717 837 1785 peccata
873 1713 1102 1768 vitanda
1138 1713 1283 1766 vires
1322 1709 1636 1783 negaverit,
1695 1727 1821 1766 cum
1859 1717 2018 1768 natu-

124 1808 206 1847 rae
244 1792 514 1864 cujusque
553 1794 632 1848 rei
670 1792 809 1848 nihil
847 1792 999 1849 aliud
1039 1796 1347 1863 competat,
1388 1809 1550 1864 quam
1589 1791 1733 1862 quod
1760 1810 1825 1847 ex
1852 1809 2019 1850 causa

122 1872 234 1941 ejus
272 1872 582 1928 necessario
621 1873 889 1945 sequitur.
954 1872 1035 1926 At
1071 1870 1195 1927 dico
1222 1889 1353 1943 ego,
1398 1870 1837 1943 quandoquidem
1866 1874 2017 1929 Deus

123 1958 333 2007 creator
391 1952 672 2008 hominum
728 1953 876 2024 ipsos
914 1953 984 2007 ad
1023 1952 1108 2007 sui
1147 1950 1439 2021 imaginem
1477 1952 1821 2025 formaverit,
1881 1971 2020 2025 quae

123 2032 449 2104 sapientiam
508 2038 565 2086 et
621 2032 922 2087 bonitatem
967 2037 1024 2086 et
1061 2032 1363 2103 potentiam
1401 2030 1460 2085 in
1496 2034 1764 2102 conceptu
1804 2049 1903 2086 suo
1939 2034 2018 2090 vi-

123 2111 280 2167 detur
317 2110 632 2183 implicare,
691 2114 932 2168 omnino*
960 2112 1114 2183 sequi
1155 2109 1400 2174 videtur,
1444 2109 1617 2181 magis
1652 2111 1711 2165 in
1749 2116 2020 2181 potestate

121 2190 358 2247 hominis
408 2206 526 2245 esse
581 2196 818 2246 mentem
875 2210 1064 2248 sanam
1121 2208 1282 2263 quam
1322 2206 1519 2262 corpus
1556 2208 1747 2245 sanum
1786 2190 2014 2258 habere,

120 2287 240 2326 eum
291 2270 520 2343 physica
557 2272 800 2344 corporis
837 2274 1044 2329 sanitas
1081 2288 1115 2326 a
1151 2270 1434 2343 principijs
1473 2269 1831 2334 mechanicis,
1876 2272 2019 2327 sani·

83 2354 88 2361 '
119 2353 200 2405 tas
237 2366 371 2405 vero
411 2351 610 2404 mentis
647 2369 680 2405 a
714 2352 1044 2429 προαιρέσει
1081 2354 1137 2405 et
1167 2350 1399 2406 consilio
1426 2350 1744 2421 dependeat.
1783 2348 2019 2421 Subjun-

118 2433 198 2501 gis
235 2448 398 2503 posse
437 2430 684 2487 homines
721 2451 838 2488 esse
875 2433 1279 2490 inexcusabiles
1318 2438 1375 2487 et
1411 2438 1592 2487 tamen
1627 2432 1815 2487 multis
1844 2434 2018 2491 modis

121 2512 369 2570 cruciari.
459 2512 584 2569 Hoc
645 2514 843 2570 durum
899 2518 1075 2588 primo
1130 2515 1393 2586 adspectu
1448 2514 1699 2577 videtur,
1765 2515 2019 2587 qnodque

118 2593 458 2664 probationis
498 2592 616 2648 loco
655 2595 971 2662 subnectis,
1009 2616 1072 2653 ex
1116 2614 1296 2651 morsu
1335 2613 1524 2652 canem
1558 2596 1826 2649 furentem
1855 2614 2015 2653 exeu-

121 2672 352 2726 sandum
391 2670 610 2742 quidem
651 2690 797 2736 esse,
836 2675 929 2729 sed
968 2680 1152 2731 tamen
1184 2676 1309 2748 jure
1348 2675 1638 2739 trucidari,
1698 2692 1811 2729 rem
1848 2678 2014 2732 confi·

119 2767 240 2807 cere
279 2767 391 2805 non
427 2752 678 2815 videtum
719 2770 844 2809 cum
883 2755 1153 2825 ejusmodi
1191 2756 1344 2811 canis
1382 2755 1583 2811 occisio
1620 2754 1901 2810 saevitiam
1929 2775 2013 2813 ar·

119 2838 345 2903 guent,
387 2830 496 2885 uisi
533 2830 840 2886 necessaria
875 2832 943 2887 ad
983 2834 1040 2888 id
1077 2836 1251 2899 foret,
1292 2839 1355 2888 ut
1390 2833 1479 2903 alij
1508 2850 1669 2888 canes
1694 2832 1871 2888 aliave
1896 2836 2013 2891 ani·

120 2912 315 2976 malie,
374 2915 432 2965 et
475 2909 582 2980 ipsi
621 2910 866 2967 homines
903 2930 934 2965 a
971 2912 1269 2969 furibundo
1307 2912 1572 2984 ejusmodi
1613 2929 1793 2967 morsu
1832 2920 2015 2971 essent

118 2988 525 3063 praeservandi.
582 2989 662 3045 At
699 2992 745 3046 si
773 2991 924 3047 Deus
949 2995 1185 3047 mentem
1212 3010 1399 3047 sanam
1424 2991 1637 3047 inderet
1664 2992 1975 3050 hominibus
1992 3038 2007 3061 ,

120 3074 202 3127 uti
240 3067 473 3144 potest‚*
495 3068 650 3125 nulla
683 3071 828 3126 foret
851 3071 1112 3127 vitiorum
1136 3072 1418 3143 contagies
1445 3071 1895 3142 pertimescenda.
1937 3076 2011 3132 Et
