2432 3554
1270 167 1346 224 20

361 324 793 396 omnipotentiae
849 324 1182 381 contrarium
1240 330 1413 388 esset:
1470 326 1617 398 quod
1655 327 1895 382 noluerit
1930 345 2256 400 quamquam

365 405 668 476 potuisset,
721 405 934 462 invidia
971 405 1280 470 videretur,
1342 424 1480 479 quae
1518 407 1574 462 in
1612 408 1761 470 Deo.
1822 408 1916 480 qui
1955 413 2040 462 est
2077 410 2261 463 omnis

366 484 676 554 benignitas
713 489 768 540 et
805 485 1125 556 plenitudo,
1167 487 1391 540 omniuo
1426 503 1537 540 non
1575 487 1783 544 existit.

429 643 596 703 Quod
633 643 701 699 ad
743 647 792 699 2.
818 686 832 706 ,
871 661 980 698 non
1017 645 1253 699 existere
1289 644 1426 699 duas
1464 644 1801 700 substantias
1838 647 2123 719 aequales,
2164 647 2261 701 de·

359 729 724 778 monstramus
780 723 942 788 inde,
1003 724 1147 794 quod
1205 741 1563 796 unaquaeque
1620 725 1926 780 substantia
1964 727 2021 781 in
2058 743 2262 797 genere

358 820 461 858 suo
495 805 736 874 perfecta
791 804 895 864 sit:
956 803 1001 856 si
1041 803 1184 857 enim
1224 803 1365 858 duae
1402 804 1657 876 aequales
1694 809 1902 868 essent,
1945 805 2261 861 necessario

357 901 469 937 una
521 883 748 937 alteram
805 882 1193 939 determinaret
1249 900 1349 938 nec
1396 883 1569 955 igitur
1605 885 1823 939 infinita
1860 891 2034 951 esset,
2072 886 2157 940 uti
2199 887 2263 940 in

360 962 779 1034 precedentibus
810 962 922 1033 jam
962 961 1350 1018 demonstravi.

428 1121 594 1180 Quod
633 1121 700 1176 ad
741 1124 791 1175 3.
811 1159 830 1188 ,
888 1139 1080 1194 nempe
1115 1121 1261 1194 quod
1300 1139 1409 1175 una
1447 1120 1759 1176 substantia
1794 1107 2021 1177 alteram
2049 1123 2258 1194 produ-

357 1217 480 1256 cere
507 1205 772 1272 nequeat,
814 1203 986 1274 siquis
1011 1203 1208 1258 iterum
1238 1202 1571 1257 contrarium
1599 1202 1923 1264 sustineret,
1965 1220 2259 1274 rogamus:

359 1298 489 1334 num
529 1297 694 1335 causa
731 1299 869 1354 quae
893 1281 1259 1336 substantiam
1284 1280 1445 1335 istam
1474 1281 1832 1352 produceret,
1873 1282 2059 1336 eadem
2094 1282 2263 1338 habe·

362 1365 446 1414 ret
469 1360 736 1415 attributa
761 1379 824 1416 ac
849 1361 1176 1432 productum
1203 1361 1351 1430 ejuS,
1382 1379 1451 1415 an
1481 1360 1698 1415 minus?
1732 1363 1861 1417 Nou
1886 1367 2220 1432 postremum
2239 1401 2261 1428 ‚

357 1457 481 1494 nam
539 1458 604 1494 ex
642 1439 816 1495 nihilo
854 1440 992 1495 nihil
1030 1441 1180 1496 nasci
1219 1445 1427 1512 potest:
1469 1439 1641 1510 igitur
1676 1442 1930 1512 primum.
2008 1443 2082 1498 Et
2120 1447 2259 1498 tunc

355 1521 556 1575 iterum
582 1537 866 1591 rogamus:
908 1537 1037 1574 num
1064 1521 1121 1575 in
1149 1537 1212 1574 eo
1238 1518 1538 1582 attribut0‚
1580 1521 1724 1591 quod
1752 1538 1917 1575 causa
1942 1520 2107 1591 hujus
2133 1539 2261 1591 pro-

357 1600 512 1654 ducti
549 1605 726 1664 esset,
784 1601 968 1654 eadem
1009 1599 1270 1670 perfectio
1308 1599 1394 1652 vel
1434 1599 1609 1653 minor
1646 1599 1732 1654 vel
1774 1599 1945 1670 major
1981 1602 2054 1654 sit
2091 1619 2260 1672 quam

355 1681 414 1735 in
471 1681 738 1751 producto
791 1680 929 1735 illo?
1000 1681 1187 1736 Minor
1223 1697 1339 1734 esse
1377 1679 1569 1750 nequit
1604 1686 1824 1751 propter
1860 1697 2055 1736 causas
2092 1685 2262 1736 antea

354 2108 405 2154 Si
453 2108 574 2157 dicas
620 2107 761 2155 videri
807 2114 956 2155 tamen
1007 2123 1161 2169 posse,
1215 2107 1320 2166 quid
1370 2108 1424 2154 ad
1457 2108 1521 2154 rei
1552 2108 1743 2169 alicuius
1774 2115 1979 2157 naturam
2013 2111 2267 2171 pertineat,

351 2194 467 2237 quae
515 2194 606 2226 non
653 2178 830 2236 existit,
880 2181 966 2225 hoc
998 2194 1149 2225 verum
1182 2186 1251 2225 est
1283 2178 1399 2236 quod
1431 2179 1485 2225 ad
1516 2178 1799 2227 existentiam
1816 2217 1831 2239 ‚
1880 2196 1970 2229 non
2005 2198 2111 2229 vero
2143 2185 2267 2241 quod

355 2250 411 2297 ad
461 2252 714 2299 essentiam.
775 2252 836 2298 Et
885 2253 970 2297 boc
1018 2252 1203 2297 interest
1251 2252 1369 2298 inter
1416 2265 1568 2297 creare
1612 2257 1657 2297 et
1696 2267 1912 2313 ,venerare
1926 2271 1947 2306 ,·
1997 2268 2151 2299 creare
2194 2261 2269 2301 est

351 2325 624 2372 constituere
651 2324 843 2381 aliquam
875 2338 968 2369 rem
1004 2338 1082 2382 per
1117 2328 1349 2380 utramque
1382 2321 1663 2369 existentiam
1690 2328 1735 2369 et
1758 2323 2023 2381 essentiam,
2046 2335 2272 2385 generare

353 2402 500 2444 autem
535 2394 757 2455 significet
791 2408 882 2440 rem
914 2398 1090 2439 tantum
1124 2392 1241 2451 quod
1272 2393 1329 2437 ad
1364 2392 1647 2439 existentiam
1681 2394 1827 2452 nasci3
1878 2410 2015 2453 quare
2048 2396 2185 2441 hodie
2216 2396 2269 2443 in

351 2474 514 2515 natm-a
541 2481 633 2511 non
667 2465 836 2511 creatio
871 2465 945 2511 sed
979 2464 1210 2524 generatio
1240 2469 1415 2511 tantum
1448 2463 1601 2513 adest:
1641 2464 1791 2521 itaque
1824 2480 1926 2511 cum
1958 2465 2083 2512 Deus
2114 2474 2271 2524 creat,

352 2544 558 2586 naturam
605 2535 671 2582 rei
718 2550 817 2581 cum
865 2552 914 2582 re
960 2537 1060 2595 ipsa
1092 2536 1225 2581 simul
1258 2540 1394 2581 creat.
1456 2533 1676 2593 Essetque
1704 2535 1847 2595 igitur
1876 2536 2151 2593 invidiosus,
2202 2539 2265 2593 si,

356 2610 468 2655 bene
513 2612 673 2669 potens
719 2622 802 2653 nec
847 2612 996 2653 tamen
1047 2606 1199 2653 volens
1216 2622 1244 2666 ‚-
1278 2621 1369 2652 rem
1414 2606 1480 2653 ita
1512 2614 1704 2653 creasset
1722 2644 1737 2665 ,
1784 2613 1835 2653 ut
1867 2623 1967 2655 cum
2000 2623 2135 2655 causa
2166 2611 2269 2668 ejus

361 2696 452 2727 non
485 2678 745 2725 conveniret
779 2677 825 2724 in
858 2676 1052 2724 essentia
1083 2682 1128 2723 et
1159 2676 1409 2724 existentia.
1454 2676 1540 2723 Sed
1571 2677 1617 2723 id
1646 2677 1763 2736 quod
1780 2678 1854 2723 hic
1870 2693 2025 2726 creare
2046 2678 2269 2737 dicimus,

357 2752 538 2813 proprie
567 2766 658 2797 non
691 2749 779 2795 dici
812 2754 961 2809 potest
993 2763 1187 2806 unquam
1215 2747 1382 2793 factum
1410 2762 1527 2802 esse,
1560 2752 1716 2806 estque
1740 2754 1915 2796 tantum
1943 2748 1997 2795 ad
2026 2750 2267 2795 ostenden·

357 2830 460 2869 dum
495 2822 627 2880 quid,
661 2820 989 2881 distinguentes
1021 2820 1140 2867 inter
1169 2832 1323 2867 creare
1352 2824 1396 2865 et
1424 2834 1662 2880 qenes-are,
1694 2818 1749 2865 de
1778 2826 1967 2877 utroque
1998 2819 2144 2867 dicere
2161 2836 2266 2879 pos-

347 2896 501 2944 simus.
