<?xml version="1.0" encoding="UTF-8"?>
<!DOCTYPE html PUBLIC "-//W3C//DTD XHTML 1.0 Transitional//EN"
    "http://www.w3.org/TR/xhtml1/DTD/xhtml1-transitional.dtd">
<html xmlns="http://www.w3.org/1999/xhtml" xml:lang="en" lang="en">
 <head>
  <title>
</title>
<meta http-equiv="Content-Type" content="text/html;charset=utf-8" />
  <meta name='ocr-system' content='tesseract 3.04.00' />
  <meta name='ocr-capabilities' content='ocr_page ocr_carea ocr_par ocr_line ocrx_word'/>
</head>
<body>
  <div class='ocr_page' id='page_1' title='image "benedictidespin00vlotgoog_0358.png"; bbox 0 0 2432 3554; ppageno 0'>
   <div class='ocr_carea' id='block_1_1' title="bbox 1230 155 1349 213">
    <p class='ocr_par' dir='ltr' id='par_1_1' title="bbox 1230 155 1349 213">
     <span class='ocr_line' id='line_1_1' title="bbox 1230 155 1349 213; baseline -0.008 0"><span class='ocrx_word' id='word_1_1' title='bbox 1230 155 1349 213; x_wconf 82' lang='lat'><strong>342</strong></span> 
     </span>
    </p>
   </div>
   <div class='ocr_carea' id='block_1_2' title="bbox 347 311 2243 3109">
    <p class='ocr_par' dir='ltr' id='par_1_2' title="bbox 347 311 2233 708">
     <span class='ocr_line' id='line_1_2' title="bbox 354 311 2229 389; baseline -0.004 -15"><span class='ocrx_word' id='word_1_2' title='bbox 354 319 500 374; x_wconf 87' lang='lat' dir='ltr'><strong>circa</strong></span> <span class='ocrx_word' id='word_1_3' title='bbox 536 318 738 389; x_wconf 87' lang='lat' dir='ltr'><strong>primas</strong></span> <span class='ocrx_word' id='word_1_4' title='bbox 773 333 953 371; x_wconf 87' lang='lat' dir='ltr'><strong>rerum</strong></span> <span class='ocrx_word' id='word_1_5' title='bbox 991 315 1401 388; x_wconf 77' lang='lat' dir='ltr'><strong>generationes,</strong></span> <span class='ocrx_word' id='word_1_6' title='bbox 1444 333 1655 387; x_wconf 85' lang='lat' dir='ltr'><strong>semper</strong></span> <span class='ocrx_word' id='word_1_7' title='bbox 1680 315 2145 371; x_wconf 76' lang='lat' dir='ltr'><strong>demonstratione</strong></span> <span class='ocrx_word' id='word_1_8' title='bbox 2166 311 2229 368; x_wconf 81' lang='lat' dir='ltr'><strong>ab</strong></span> 
     </span>
     <span class='ocr_line' id='line_1_3' title="bbox 347 396 2225 470; baseline -0.003 -14"><span class='ocrx_word' id='word_1_9' title='bbox 347 397 672 470; x_wconf 87' lang='lat' dir='ltr'><strong>impossibili</strong></span> <span class='ocrx_word' id='word_1_10' title='bbox 711 397 928 453; x_wconf 84' lang='lat' dir='ltr'><strong>evincat</strong></span> <span class='ocrx_word' id='word_1_11' title='bbox 950 440 964 461; x_wconf 92' lang='lat'>,</span> <span class='ocrx_word' id='word_1_12' title='bbox 1023 414 1134 452; x_wconf 88' lang='lat' dir='ltr'><strong>non</strong></span> <span class='ocrx_word' id='word_1_13' title='bbox 1170 396 1355 468; x_wconf 86' lang='lat' dir='ltr'><strong>plures</strong></span> <span class='ocrx_word' id='word_1_14' title='bbox 1392 396 1510 451; x_wconf 87' lang='lat' dir='ltr'><strong>dari</strong></span> <span class='ocrx_word' id='word_1_15' title='bbox 1550 396 1669 466; x_wconf 87' lang='lat' dir='ltr'><strong>ejus</strong></span> <span class='ocrx_word' id='word_1_16' title='bbox 1704 397 1782 451; x_wconf 90' lang='lat' dir='ltr'><strong>rei</strong></span> <span class='ocrx_word' id='word_1_17' title='bbox 1822 398 2225 467; x_wconf 81' lang='lat' dir='ltr'><strong>generationes,</strong></span> 
     </span>
     <span class='ocr_line' id='line_1_4' title="bbox 349 476 2225 550; baseline -0.001 -18"><span class='ocrx_word' id='word_1_18' title='bbox 349 477 496 550; x_wconf 86' lang='lat' dir='ltr'><strong>quod</strong></span> <span class='ocrx_word' id='word_1_19' title='bbox 534 495 634 548; x_wconf 87' lang='lat' dir='ltr'><strong>ego</strong></span> <span class='ocrx_word' id='word_1_20' title='bbox 671 494 889 549; x_wconf 86' lang='lat' dir='ltr'><strong>quoque</strong></span> <span class='ocrx_word' id='word_1_21' title='bbox 925 477 1209 532; x_wconf 84' lang='lat' dir='ltr'><strong>evidenter</strong></span> <span class='ocrx_word' id='word_1_22' title='bbox 1245 481 1299 531; x_wconf 75' lang='lat' dir='ltr'><strong>ei.</strong></span> <span class='ocrx_word' id='word_1_23' title='bbox 1337 477 1477 531; x_wconf 79' lang='lat' dir='ltr'><strong>forte</strong></span> <span class='ocrx_word' id='word_1_24' title='bbox 1516 477 1757 531; x_wconf 88' lang='lat' dir='ltr'><strong>omnium</strong></span> <span class='ocrx_word' id='word_1_25' title='bbox 1796 478 2005 547; x_wconf 86' lang='lat' dir='ltr'><strong>primus</strong></span> <span class='ocrx_word' id='word_1_26' title='bbox 2044 476 2225 537; x_wconf 75' lang='lat' dir='ltr'><strong>docui,</strong></span> 
     </span>
     <span class='ocr_line' id='line_1_5' title="bbox 349 555 2233 628; baseline -0.003 -15"><span class='ocrx_word' id='word_1_27' title='bbox 349 559 406 613; x_wconf 91' lang='lat' dir='ltr'><strong>in</strong></span> <span class='ocrx_word' id='word_1_28' title='bbox 445 574 510 611; x_wconf 85' lang='lat' dir='ltr'><strong>eo</strong></span> <span class='ocrx_word' id='word_1_29' title='bbox 535 557 815 628; x_wconf 86' lang='lat' dir='ltr'><strong>&#39;siquidem</strong></span> <span class='ocrx_word' id='word_1_30' title='bbox 853 557 970 611; x_wconf 89' lang='lat' dir='ltr'><strong>solo</strong></span> <span class='ocrx_word' id='word_1_31' title='bbox 1007 557 1305 628; x_wconf 85' lang='lat' dir='ltr'><strong>genuinum</strong></span> <span class='ocrx_word' id='word_1_32' title='bbox 1343 556 1636 611; x_wconf 84' lang='lat' dir='ltr'><strong>artificium</strong></span> <span class='ocrx_word' id='word_1_33' title='bbox 1674 557 1939 612; x_wconf 74' lang='lat' dir='ltr'><strong>consistit</strong></span> <span class='ocrx_word' id='word_1_34' title='bbox 1974 555 2233 628; x_wconf 78' lang='lat' dir='ltr'><strong>imprimis</strong></span> 
     </span>
     <span class='ocr_line' id='line_1_6' title="bbox 349 635 1787 708; baseline -0.002 -15"><span class='ocrx_word' id='word_1_35' title='bbox 349 637 408 694; x_wconf 87' lang='lat' dir='ltr'><strong>in</strong></span> <span class='ocrx_word' id='word_1_36' title='bbox 445 635 696 708; x_wconf 77' lang='lat' dir='ltr'>Physicis</span> <span class='ocrx_word' id='word_1_37' title='bbox 733 636 1006 708; x_wconf 84' lang='lat' dir='ltr'><strong>legitimas</strong></span> <span class='ocrx_word' id='word_1_38' title='bbox 1043 636 1461 707; x_wconf 79' lang='lat' dir='ltr'><strong>consequentias</strong></span> <span class='ocrx_word' id='word_1_39' title='bbox 1499 636 1787 691; x_wconf 84' lang='lat' dir='ltr'><strong>formandi.</strong></span> 
     </span>
    </p>

    <p class='ocr_par' dir='ltr' id='par_1_3' title="bbox 351 714 2243 3109">
     <span class='ocr_line' id='line_1_7' title="bbox 421 714 2233 787; baseline -0.002 -16"><span class='ocrx_word' id='word_1_40' title='bbox 421 717 513 771; x_wconf 91' lang='lat' dir='ltr'><strong>Ad</strong></span> <span class='ocrx_word' id='word_1_41' title='bbox 568 717 730 771; x_wconf 87' lang='lat' dir='ltr'><strong>verba</strong></span> <span class='ocrx_word' id='word_1_42' title='bbox 789 734 993 787; x_wconf 85' lang='lat' dir='ltr'><strong>„porro</strong></span> <span class='ocrx_word' id='word_1_43' title='bbox 1049 715 1346 786; x_wconf 80' lang='lat' dir='ltr'><strong>specimina</strong></span> <span class='ocrx_word' id='word_1_44' title='bbox 1404 715 1644 770; x_wconf 81' lang='lat' dir='ltr'><strong>methodi</strong></span> <span class='ocrx_word' id='word_1_45' title='bbox 1688 720 1848 778; x_wconf 83' lang='lat' dir='ltr'><strong>tuae,</strong></span> <span class='ocrx_word' id='word_1_46' title='bbox 1908 719 2014 772; x_wconf 86' lang='lat' dir='ltr'><strong>etc.</strong></span> <span class='ocrx_word' id='word_1_47' title='bbox 2050 714 2233 770; x_wconf 83' lang='lat' dir='ltr'><strong>vellem</strong></span> 
     </span>
     <span class='ocr_line' id='line_1_8' title="bbox 351 793 2232 868; baseline -0.003 -14"><span class='ocrx_word' id='word_1_48' title='bbox 351 797 664 854; x_wconf 77' lang='lat' dir='ltr'><strong>accuratius</strong></span> <span class='ocrx_word' id='word_1_49' title='bbox 717 793 1046 851; x_wconf 86' lang='lat' dir='ltr'><strong>tractasses&#39;’</strong></span> <span class='ocrx_word' id='word_1_50' title='bbox 1103 795 1235 850; x_wconf 85' lang='lat' dir='ltr'><strong>haec</strong></span> <span class='ocrx_word' id='word_1_51' title='bbox 1283 795 1397 866; x_wconf 83' lang='lat' dir='ltr'><strong>jam</strong></span> <span class='ocrx_word' id='word_1_52' title='bbox 1450 800 1745 852; x_wconf 80' lang='lat' dir='ltr'><strong>occurrunt</strong></span> <span class='ocrx_word' id='word_1_53' title='bbox 1780 813 1923 868; x_wconf 87' lang='lat' dir='ltr'><strong>quae</strong></span> <span class='ocrx_word' id='word_1_54' title='bbox 1956 809 2232 866; x_wconf 75' lang='lat' dir='ltr'><strong>reponam</strong></span> 
     </span>
     <span class='ocr_line' id='line_1_9' title="bbox 353 874 2235 946; baseline -0.004 -12"><span class='ocrx_word' id='word_1_55' title='bbox 353 882 500 934; x_wconf 88' lang='lat' dir='ltr'><strong>certe</strong></span> <span class='ocrx_word' id='word_1_56' title='bbox 555 877 858 931; x_wconf 79' lang='lat' dir='ltr'><strong>admiratus</strong></span> <span class='ocrx_word' id='word_1_57' title='bbox 913 875 992 929; x_wconf 85' lang='lat' dir='ltr'><strong>sui</strong></span> <span class='ocrx_word' id='word_1_58' title='bbox 1047 876 1192 946; x_wconf 88' lang='lat' dir='ltr'><strong>quod</strong></span> <span class='ocrx_word' id='word_1_59' title='bbox 1250 875 1548 946; x_wconf 79' lang='lat' dir='ltr'><strong>specimina</strong></span> <span class='ocrx_word' id='word_1_60' title='bbox 1590 892 1752 929; x_wconf 81' lang='lat' dir='ltr'><strong>voces</strong></span> <span class='ocrx_word' id='word_1_61' title='bbox 1788 879 1845 929; x_wconf 84' lang='lat' dir='ltr'><strong>et</strong></span> <span class='ocrx_word' id='word_1_62' title='bbox 1880 874 2146 946; x_wconf 79' lang='lat' dir='ltr'><strong>imprimis</strong></span> <span class='ocrx_word' id='word_1_63' title='bbox 2176 888 2235 927; x_wconf 86' lang='lat' dir='ltr'><strong>eo</strong></span> 
     </span>
     <span class='ocr_line' id='line_1_10' title="bbox 357 954 2233 1028; baseline -0.002 -16"><span class='ocrx_word' id='word_1_64' title='bbox 357 973 520 1012; x_wconf 88' lang='lat' dir='ltr'><strong>sensu</strong></span> <span class='ocrx_word' id='word_1_65' title='bbox 563 973 671 1028; x_wconf 88' lang='lat' dir='ltr'><strong>quo</strong></span> <span class='ocrx_word' id='word_1_66' title='bbox 709 973 773 1010; x_wconf 90' lang='lat' dir='ltr'><strong>ea</strong></span> <span class='ocrx_word' id='word_1_67' title='bbox 810 955 1046 1025; x_wconf 78' lang='lat' dir='ltr'><strong>accipis,</strong></span> <span class='ocrx_word' id='word_1_68' title='bbox 1103 954 1260 1026; x_wconf 86' lang='lat' dir='ltr'><strong>quasi</strong></span> <span class='ocrx_word' id='word_1_69' title='bbox 1300 955 1445 1010; x_wconf 86' lang='lat' dir='ltr'><strong>hisce</strong></span> <span class='ocrx_word' id='word_1_70' title='bbox 1484 954 1699 1010; x_wconf 87' lang='lat' dir='ltr'><strong>levibus</strong></span> <span class='ocrx_word' id='word_1_71' title='bbox 1736 955 2036 1010; x_wconf 75' lang='lat' dir='ltr'><strong>voluissem</strong></span> <span class='ocrx_word' id='word_1_72' title='bbox 2072 958 2233 1010; x_wconf 85' lang='lat' dir='ltr'><strong>osten-</strong></span> 
     </span>
     <span class='ocr_line' id='line_1_11' title="bbox 355 1031 2229 1107; baseline -0.003 -16"><span class='ocrx_word' id='word_1_73' title='bbox 355 1037 514 1100; x_wconf 85' lang='lat' dir='ltr'><strong>dere,</strong></span> <span class='ocrx_word' id='word_1_74' title='bbox 573 1035 708 1107; x_wconf 89' lang='lat' dir='ltr'><strong>quid</strong></span> <span class='ocrx_word' id='word_1_75' title='bbox 764 1052 880 1089; x_wconf 88' lang='lat' dir='ltr'><strong>mea</strong></span> <span class='ocrx_word' id='word_1_76' title='bbox 919 1034 1174 1089; x_wconf 83' lang='lat' dir='ltr'><strong>methodo</strong></span> <span class='ocrx_word' id='word_1_77' title='bbox 1210 1035 1475 1105; x_wconf 86' lang='lat' dir='ltr'><strong>praestari</strong></span> <span class='ocrx_word' id='word_1_78' title='bbox 1512 1039 1734 1106; x_wconf 80' lang='lat' dir='ltr'><strong>posset:</strong></span> <span class='ocrx_word' id='word_1_79' title='bbox 1795 1041 1941 1090; x_wconf 86' lang='lat' dir='ltr'><strong>certe</strong></span> <span class='ocrx_word' id='word_1_80' title='bbox 1979 1035 2083 1090; x_wconf 85' lang='lat' dir='ltr'><strong>hoc</strong></span> <span class='ocrx_word' id='word_1_81' title='bbox 2119 1031 2229 1088; x_wconf 85' lang='lat' dir='ltr'><strong>mihi</strong></span> 
     </span>
     <span class='ocr_line' id='line_1_12' title="bbox 357 1113 2233 1186; baseline -0.003 -13"><span class='ocrx_word' id='word_1_82' title='bbox 357 1117 418 1173; x_wconf 90' lang='lat' dir='ltr'><strong>in</strong></span> <span class='ocrx_word' id='word_1_83' title='bbox 457 1123 691 1170; x_wconf 88' lang='lat' dir='ltr'><strong>mentem</strong></span> <span class='ocrx_word' id='word_1_84' title='bbox 730 1132 1007 1186; x_wconf 85' lang='lat' dir='ltr'><strong>nunquam</strong></span> <span class='ocrx_word' id='word_1_85' title='bbox 1045 1115 1232 1180; x_wconf 86' lang='lat' dir='ltr'><strong>venit,</strong></span> <span class='ocrx_word' id='word_1_86' title='bbox 1270 1116 1381 1170; x_wconf 90' lang='lat' dir='ltr'><strong>imo</strong></span> <span class='ocrx_word' id='word_1_87' title='bbox 1417 1116 1475 1170; x_wconf 88' lang='lat' dir='ltr'><strong>in</strong></span> <span class='ocrx_word' id='word_1_88' title='bbox 1514 1133 1579 1169; x_wconf 90' lang='lat' dir='ltr'><strong>eo</strong></span> <span class='ocrx_word' id='word_1_89' title='bbox 1616 1133 1795 1180; x_wconf 86' lang='lat' dir='ltr'><strong>eram,</strong></span> <span class='ocrx_word' id='word_1_90' title='bbox 1834 1120 1899 1169; x_wconf 86' lang='lat' dir='ltr'><strong>ut</strong></span> <span class='ocrx_word' id='word_1_91' title='bbox 1933 1115 2095 1186; x_wconf 88' lang='lat' dir='ltr'><strong>plane</strong></span> <span class='ocrx_word' id='word_1_92' title='bbox 2120 1113 2233 1168; x_wconf 82' lang='lat' dir='ltr'><strong>haee</strong></span> 
     </span>
     <span class='ocr_line' id='line_1_13' title="bbox 357 1193 2230 1268; baseline -0.004 -14"><span class='ocrx_word' id='word_1_93' title='bbox 357 1197 605 1254; x_wconf 86' lang='lat' dir='ltr'><strong>nolebam</strong></span> <span class='ocrx_word' id='word_1_94' title='bbox 662 1196 942 1268; x_wconf 86' lang='lat' dir='ltr'><strong>publicare</strong></span> <span class='ocrx_word' id='word_1_95' title='bbox 964 1235 983 1262; x_wconf 90' lang='lat'><strong>,</strong></span> <span class='ocrx_word' id='word_1_96' title='bbox 1041 1196 1136 1251; x_wconf 86' lang='lat' dir='ltr'><strong>sed</strong></span> <span class='ocrx_word' id='word_1_97' title='bbox 1187 1195 1319 1267; x_wconf 87' lang='lat' dir='ltr'><strong>quia</strong></span> <span class='ocrx_word' id='word_1_98' title='bbox 1376 1195 1661 1264; x_wconf 81' lang='lat' dir='ltr'><strong>tyronibus</strong></span> <span class='ocrx_word' id='word_1_99' title='bbox 1716 1195 2103 1267; x_wconf 84' lang='lat' dir='ltr'><strong>Philosophiae</strong></span> <span class='ocrx_word' id='word_1_100' title='bbox 2136 1193 2230 1249; x_wconf 74' lang='lat' dir='ltr'><strong>sola</strong></span> 
     </span>
     <span class='ocr_line' id='line_1_14' title="bbox 358 1275 2226 1350; baseline -0.002 -18"><span class='ocrx_word' id='word_1_101' title='bbox 358 1283 648 1350; x_wconf 87' lang='lat' dir='ltr'><strong>praecepta</strong></span> <span class='ocrx_word' id='word_1_102' title='bbox 703 1294 812 1331; x_wconf 89' lang='lat' dir='ltr'><strong>non</strong></span> <span class='ocrx_word' id='word_1_103' title='bbox 849 1275 1157 1337; x_wconf 87' lang='lat' dir='ltr'><strong>sufficiunt,</strong></span> <span class='ocrx_word' id='word_1_104' title='bbox 1219 1276 1303 1330; x_wconf 87' lang='lat' dir='ltr'><strong>his</strong></span> <span class='ocrx_word' id='word_1_105' title='bbox 1341 1276 1572 1346; x_wconf 87' lang='lat' dir='ltr'><strong>pessime</strong></span> <span class='ocrx_word' id='word_1_106' title='bbox 1610 1276 2040 1336; x_wconf 83' lang='lat' dir='ltr'><strong>consuluissem,</strong></span> <span class='ocrx_word' id='word_1_107' title='bbox 2093 1277 2226 1330; x_wconf 87' lang='lat' dir='ltr'><strong>adeo·</strong></span> 
     </span>
     <span class='ocr_line' id='line_1_15' title="bbox 361 1355 2226 1428; baseline 0 -17"><span class='ocrx_word' id='word_1_108' title='bbox 361 1375 468 1428; x_wconf 88' lang='lat' dir='ltr'><strong>que</strong></span> <span class='ocrx_word' id='word_1_109' title='bbox 525 1374 589 1410; x_wconf 88' lang='lat' dir='ltr'><strong>ea</strong></span> <span class='ocrx_word' id='word_1_110' title='bbox 646 1355 773 1411; x_wconf 84' lang='lat' dir='ltr'><strong>huic</strong></span> <span class='ocrx_word' id='word_1_111' title='bbox 815 1355 1100 1411; x_wconf 82' lang='lat' dir='ltr'><strong>Tractatui</strong></span> <span class='ocrx_word' id='word_1_112' title='bbox 1137 1356 1342 1411; x_wconf 87' lang='lat' dir='ltr'><strong>inserui</strong></span> <span class='ocrx_word' id='word_1_113' title='bbox 1382 1360 1439 1409; x_wconf 91' lang='lat' dir='ltr'><strong>et</strong></span> <span class='ocrx_word' id='word_1_114' title='bbox 1475 1373 1725 1426; x_wconf 85' lang='lat' dir='ltr'><strong>expresse</strong></span> <span class='ocrx_word' id='word_1_115' title='bbox 1766 1357 1951 1410; x_wconf 89' lang='lat' dir='ltr'><strong>monui</strong></span> <span class='ocrx_word' id='word_1_116' title='bbox 1990 1355 2125 1412; x_wconf 88' lang='lat' dir='ltr'><strong>haec</strong></span> <span class='ocrx_word' id='word_1_117' title='bbox 2150 1369 2226 1426; x_wconf 76' lang='lat' dir='ltr'><strong>pm</strong></span> 
     </span>
     <span class='ocr_line' id='line_1_16' title="bbox 362 1431 2220 1507; baseline -0.001 -15"><span class='ocrx_word' id='word_1_118' title='bbox 362 1438 433 1492; x_wconf 88' lang='lat' dir='ltr'><strong>iis</strong></span> <span class='ocrx_word' id='word_1_119' title='bbox 471 1436 664 1490; x_wconf 88' lang='lat' dir='ltr'><strong>saltem</strong></span> <span class='ocrx_word' id='word_1_120' title='bbox 702 1434 908 1504; x_wconf 87' lang='lat' dir='ltr'><strong>scripta</strong></span> <span class='ocrx_word' id='word_1_121' title='bbox 943 1454 1060 1490; x_wconf 87' lang='lat' dir='ltr'><strong>esse</strong></span> <span class='ocrx_word' id='word_1_122' title='bbox 1066 1475 1148 1492; x_wconf 90' lang='grc'><strong>.....</strong></span> <span class='ocrx_word' id='word_1_123' title='bbox 1209 1435 1326 1495; x_wconf 74' lang='lat' dir='ltr'><strong>Qui</strong></span> <span class='ocrx_word' id='word_1_124' title='bbox 1352 1435 1669 1490; x_wconf 84' lang='lat' dir='ltr'><strong>desiderant</strong></span> <span class='ocrx_word' id='word_1_125' title='bbox 1692 1437 1993 1507; x_wconf 80' lang='lat' dir='ltr'><strong>specimina</strong></span> <span class='ocrx_word' id='word_1_126' title='bbox 2020 1431 2220 1490; x_wconf 71' lang='lat' dir='ltr'><strong>methodi</strong></span> 
     </span>
     <span class='ocr_line' id='line_1_17' title="bbox 366 1513 2227 1588; baseline -0.001 -17"><span class='ocrx_word' id='word_1_127' title='bbox 366 1533 516 1571; x_wconf 85' lang='lat' dir='ltr'><strong>meae</strong></span> <span class='ocrx_word' id='word_1_128' title='bbox 552 1515 756 1570; x_wconf 85' lang='lat' dir='ltr'><strong>debent</strong></span> <span class='ocrx_word' id='word_1_129' title='bbox 791 1520 1076 1585; x_wconf 83' lang='lat' dir='ltr'><strong>expectare</strong></span> <span class='ocrx_word' id='word_1_130' title='bbox 1115 1529 1287 1585; x_wconf 87' lang='lat' dir='ltr'><strong>usque</strong></span> <span class='ocrx_word' id='word_1_131' title='bbox 1325 1513 1455 1570; x_wconf 88' lang='lat' dir='ltr'><strong>dum</strong></span> <span class='ocrx_word' id='word_1_132' title='bbox 1492 1517 1629 1572; x_wconf 81' lang='lat' dir='ltr'><strong>artis</strong></span> <span class='ocrx_word' id='word_1_133' title='bbox 1657 1516 1977 1572; x_wconf 80' lang='lat' dir='ltr'><strong>inveniendi</strong></span> <span class='ocrx_word' id='word_1_134' title='bbox 2002 1513 2227 1588; x_wconf 48' lang='lat' dir='ltr'><strong>speci-llis</strong></span> 
     </span>
     <span class='ocr_line' id='line_1_18' title="bbox 367 1593 2231 1669; baseline -0.001 -19"><span class='ocrx_word' id='word_1_135' title='bbox 367 1599 657 1669; x_wconf 85' lang='lat' dir='ltr'><strong>praecepta</strong></span> <span class='ocrx_word' id='word_1_136' title='bbox 693 1594 986 1658; x_wconf 84' lang='lat' dir='ltr'><strong>exhibebo;</strong></span> <span class='ocrx_word' id='word_1_137' title='bbox 1045 1593 1249 1649; x_wconf 87' lang='lat' dir='ltr'><strong>ibidem</strong></span> <span class='ocrx_word' id='word_1_138' title='bbox 1288 1599 1433 1650; x_wconf 87' lang='lat' dir='ltr'><strong>certe</strong></span> <span class='ocrx_word' id='word_1_139' title='bbox 1472 1615 1582 1651; x_wconf 90' lang='lat' dir='ltr'><strong>non</strong></span> <span class='ocrx_word' id='word_1_140' title='bbox 1620 1600 1731 1652; x_wconf 84' lang='lat' dir='ltr'><strong>tam</strong></span> <span class='ocrx_word' id='word_1_141' title='bbox 1774 1597 1948 1659; x_wconf 83' lang='lat' dir='ltr'><strong>levia,</strong></span> <span class='ocrx_word' id='word_1_142' title='bbox 1988 1597 2085 1651; x_wconf 89' lang='lat' dir='ltr'><strong>sed</strong></span> <span class='ocrx_word' id='word_1_143' title='bbox 2120 1609 2231 1668; x_wconf 76' lang='lat' dir='ltr'><strong>quae</strong></span> 
     </span>
     <span class='ocr_line' id='line_1_19' title="bbox 365 1674 2235 1747; baseline -0.003 -15"><span class='ocrx_word' id='word_1_144' title='bbox 365 1677 607 1732; x_wconf 89' lang='lat' dir='ltr'><strong>omnium</strong></span> <span class='ocrx_word' id='word_1_145' title='bbox 645 1674 964 1730; x_wconf 85' lang='lat' dir='ltr'><strong>difficillima</strong></span> <span class='ocrx_word' id='word_1_146' title='bbox 1001 1675 1058 1730; x_wconf 91' lang='lat' dir='ltr'><strong>in</strong></span> <span class='ocrx_word' id='word_1_147' title='bbox 1095 1674 1337 1729; x_wconf 85' lang='lat' dir='ltr'><strong>Mathesi</strong></span> <span class='ocrx_word' id='word_1_148' title='bbox 1376 1684 1433 1730; x_wconf 89' lang='lat' dir='ltr'><strong>et</strong></span> <span class='ocrx_word' id='word_1_149' title='bbox 1468 1675 1705 1744; x_wconf 79' lang='lat' dir='ltr'><strong>Physica</strong></span> <span class='ocrx_word' id='word_1_150' title='bbox 1741 1681 2041 1732; x_wconf 84' lang='lat' dir='ltr'><strong>occurrunt</strong></span> <span class='ocrx_word' id='word_1_151' title='bbox 2074 1691 2235 1747; x_wconf 84' lang='lat' dir='ltr'><strong>aggre-</strong></span> 
     </span>
     <span class='ocr_line' id='line_1_20' title="bbox 367 1753 2235 1829; baseline -0.001 -18"><span class='ocrx_word' id='word_1_152' title='bbox 367 1757 488 1812; x_wconf 88' lang='lat' dir='ltr'><strong>diar</strong></span> <span class='ocrx_word' id='word_1_153' title='bbox 511 1798 524 1819; x_wconf 93' lang='lat'><strong><em>‚</em></strong></span> <span class='ocrx_word' id='word_1_154' title='bbox 567 1760 622 1811; x_wconf 90' lang='lat' dir='ltr'><strong>et</strong></span> <span class='ocrx_word' id='word_1_155' title='bbox 659 1759 825 1819; x_wconf 87' lang='lat' dir='ltr'><strong>tunc,</strong></span> <span class='ocrx_word' id='word_1_156' title='bbox 865 1772 990 1811; x_wconf 83' lang='lat' dir='ltr'><strong>eum</strong></span> <span class='ocrx_word' id='word_1_157' title='bbox 1027 1753 1259 1809; x_wconf 85' lang='lat' dir='ltr'><strong>lectores</strong></span> <span class='ocrx_word' id='word_1_158' title='bbox 1294 1755 1565 1811; x_wconf 77' lang='lat' dir='ltr'><strong>videbunt</strong></span> <span class='ocrx_word' id='word_1_159' title='bbox 1600 1761 1807 1829; x_wconf 83' lang='lat' dir='ltr'><strong>quanta</strong></span> <span class='ocrx_word' id='word_1_160' title='bbox 1843 1757 2111 1813; x_wconf 71' lang='lat' dir='ltr'><strong>facilitate</strong></span> <span class='ocrx_word' id='word_1_161' title='bbox 2137 1769 2235 1829; x_wconf 83' lang='lat' dir='ltr'><strong>pro-</strong></span> 
     </span>
     <span class='ocr_line' id='line_1_21' title="bbox 369 1834 2233 1909; baseline 0 -19"><span class='ocrx_word' id='word_1_162' title='bbox 369 1836 586 1908; x_wconf 86' lang='lat' dir='ltr'><strong>grediar</strong></span> <span class='ocrx_word' id='word_1_163' title='bbox 639 1834 698 1891; x_wconf 89' lang='lat' dir='ltr'><strong>in</strong></span> <span class='ocrx_word' id='word_1_164' title='bbox 748 1835 940 1899; x_wconf 84' lang='lat' dir='ltr'><strong>rebus,</strong></span> <span class='ocrx_word' id='word_1_165' title='bbox 1001 1852 1138 1907; x_wconf 84' lang='lat' dir='ltr'><strong>quae</strong></span> <span class='ocrx_word' id='word_1_166' title='bbox 1195 1834 1351 1890; x_wconf 82' lang='lat' dir='ltr'><strong>nullo</strong></span> <span class='ocrx_word' id='word_1_167' title='bbox 1396 1836 1516 1891; x_wconf 66' lang='lat' dir='ltr'><strong>‘non</strong></span> <span class='ocrx_word' id='word_1_168' title='bbox 1572 1842 1774 1892; x_wconf 86' lang='lat' dir='ltr'><strong>conatu</strong></span> <span class='ocrx_word' id='word_1_169' title='bbox 1812 1856 1845 1891; x_wconf 90' lang='lat' dir='ltr'><strong>a</strong></span> <span class='ocrx_word' id='word_1_170' title='bbox 1883 1838 2095 1909; x_wconf 83' lang='lat' dir='ltr'><strong>magnis</strong></span> <span class='ocrx_word' id='word_1_171' title='bbox 2128 1834 2233 1890; x_wconf 71' lang='lat' dir='ltr'><strong>viris</strong></span> 
     </span>
     <span class='ocr_line' id='line_1_22' title="bbox 371 1912 2233 1989; baseline 0 -19"><span class='ocrx_word' id='word_1_172' title='bbox 371 1917 619 1989; x_wconf 86' lang='lat' dir='ltr'><strong>quaesita</strong></span> <span class='ocrx_word' id='word_1_173' title='bbox 675 1916 906 1971; x_wconf 87' lang='lat' dir='ltr'><strong>necdum</strong></span> <span class='ocrx_word' id='word_1_174' title='bbox 968 1915 1224 1979; x_wconf 83' lang='lat' dir='ltr'><strong>inventa,</strong></span> <span class='ocrx_word' id='word_1_175' title='bbox 1284 1916 1525 1971; x_wconf 84' lang='lat' dir='ltr'><strong>methodi</strong></span> <span class='ocrx_word' id='word_1_176' title='bbox 1564 1936 1713 1971; x_wconf 84' lang='lat' dir='ltr'><strong>meae</strong></span> <span class='ocrx_word' id='word_1_177' title='bbox 1750 1919 2083 1989; x_wconf 66' lang='lat' dir='ltr'><strong>praestantia</strong></span> <span class='ocrx_word' id='word_1_178' title='bbox 2120 1912 2233 1971; x_wconf 72' lang='lat' dir='ltr'><strong>sufi-</strong></span> 
     </span>
     <span class='ocr_line' id='line_1_23' title="bbox 372 1993 2233 2065; baseline 0.001 -15"><span class='ocrx_word' id='word_1_179' title='bbox 372 1996 582 2051; x_wconf 84' lang='lat' dir='ltr'><strong>cienter</strong></span> <span class='ocrx_word' id='word_1_180' title='bbox 635 1999 1010 2065; x_wconf 81' lang='lat' dir='ltr'><strong>cognoscetur.</strong></span> <span class='ocrx_word' id='word_1_181' title='bbox 1081 1993 1313 2051; x_wconf 83' lang='lat' dir='ltr'><strong>Interim</strong></span> <span class='ocrx_word' id='word_1_182' title='bbox 1352 2000 1537 2051; x_wconf 88' lang='lat' dir='ltr'><strong>tamen</strong></span> <span class='ocrx_word' id='word_1_183' title='bbox 1574 1998 1767 2063; x_wconf 88' lang='lat' dir='ltr'><strong>credo,</strong></span> <span class='ocrx_word' id='word_1_184' title='bbox 1814 2014 1897 2052; x_wconf 85' lang='lat' dir='ltr'><strong>me</strong></span> <span class='ocrx_word' id='word_1_185' title='bbox 1936 1996 2069 2053; x_wconf 84' lang='lat' dir='ltr'><strong>satis</strong></span> <span class='ocrx_word' id='word_1_186' title='bbox 2102 2010 2233 2052; x_wconf 72' lang='lat' dir='ltr'><strong>aceu-</strong></span> 
     </span>
     <span class='ocr_line' id='line_1_24' title="bbox 373 2070 2235 2148; baseline -0.001 -18"><span class='ocrx_word' id='word_1_187' title='bbox 373 2080 490 2131; x_wconf 89' lang='lat' dir='ltr'><strong>rate</strong></span> <span class='ocrx_word' id='word_1_188' title='bbox 527 2079 790 2130; x_wconf 82' lang='lat' dir='ltr'><strong>tractasse</strong></span> <span class='ocrx_word' id='word_1_189' title='bbox 828 2078 1116 2147; x_wconf 88' lang='lat' dir='ltr'><strong>(quantum</strong></span> <span class='ocrx_word' id='word_1_190' title='bbox 1155 2074 1411 2129; x_wconf 87' lang='lat' dir='ltr'><strong>nimirum</strong></span> <span class='ocrx_word' id='word_1_191' title='bbox 1452 2082 1743 2148; x_wconf 87' lang='lat' dir='ltr'><strong>praecepta</strong></span> <span class='ocrx_word' id='word_1_192' title='bbox 1776 2078 1915 2132; x_wconf 84' lang='lat' dir='ltr'><strong>artis</strong></span> <span class='ocrx_word' id='word_1_193' title='bbox 1952 2070 2235 2132; x_wconf 75' lang='lat' dir='ltr'><strong>inveniendi</strong></span> 
     </span>
     <span class='ocr_line' id='line_1_25' title="bbox 371 2155 2234 2229; baseline -0.002 -20"><span class='ocrx_word' id='word_1_194' title='bbox 371 2155 649 2229; x_wconf 85' lang='lat' dir='ltr'><strong>generalia</strong></span> <span class='ocrx_word' id='word_1_195' title='bbox 703 2155 1021 2227; x_wconf 87' lang='lat' dir='ltr'><strong>requirunt,</strong></span> <span class='ocrx_word' id='word_1_196' title='bbox 1080 2171 1190 2209; x_wconf 85' lang='lat' dir='ltr'><strong>non</strong></span> <span class='ocrx_word' id='word_1_197' title='bbox 1226 2172 1358 2210; x_wconf 78' lang='lat' dir='ltr'><strong>vero</strong></span> <span class='ocrx_word' id='word_1_198' title='bbox 1393 2161 1660 2227; x_wconf 83' lang='lat' dir='ltr'><strong>quantum</strong></span> <span class='ocrx_word' id='word_1_199' title='bbox 1699 2155 1960 2228; x_wconf 82' lang='lat' dir='ltr'><strong>specialia</strong></span> <span class='ocrx_word' id='word_1_200' title='bbox 1996 2174 2127 2228; x_wconf 86' lang='lat' dir='ltr'><strong>quae</strong></span> <span class='ocrx_word' id='word_1_201' title='bbox 2158 2168 2234 2209; x_wconf 75' lang='lat' dir='ltr'><strong>sao</strong></span> 
     </span>
     <span class='ocr_line' id='line_1_26' title="bbox 373 2235 2233 2307; baseline -0.003 -15"><span class='ocrx_word' id='word_1_202' title='bbox 373 2236 494 2293; x_wconf 86' lang='lat' dir='ltr'><strong>loco</strong></span> <span class='ocrx_word' id='word_1_203' title='bbox 529 2240 932 2305; x_wconf 79' lang='lat' dir='ltr'><strong>reservantur),</strong></span> <span class='ocrx_word' id='word_1_204' title='bbox 973 2253 1082 2307; x_wconf 85' lang='lat' dir='ltr'><strong>qua</strong></span> <span class='ocrx_word' id='word_1_205' title='bbox 1117 2235 1330 2291; x_wconf 80' lang='lat' dir='ltr'><strong>ratione</strong></span> <span class='ocrx_word' id='word_1_206' title='bbox 1366 2235 1706 2307; x_wconf 83' lang='lat' dir='ltr'><strong>problemata</strong></span> <span class='ocrx_word' id='word_1_207' title='bbox 1742 2238 2097 2306; x_wconf 84' lang='lat' dir='ltr'><strong>geometrica,</strong></span> <span class='ocrx_word' id='word_1_208' title='bbox 2150 2245 2233 2287; x_wconf 74' lang='lat' dir='ltr'><strong>me-</strong></span> 
     </span>
     <span class='ocr_line' id='line_1_27' title="bbox 374 2314 2237 2389; baseline -0.003 -17"><span class='ocrx_word' id='word_1_209' title='bbox 374 2317 634 2381; x_wconf 73' lang='lat' dir='ltr'><strong>ebenina,</strong></span> <span class='ocrx_word' id='word_1_210' title='bbox 675 2314 929 2387; x_wconf 77' lang='lat' dir='ltr'><strong>physica,</strong></span> <span class='ocrx_word' id='word_1_211' title='bbox 971 2320 1072 2372; x_wconf 86' lang='lat' dir='ltr'><strong>eto.</strong></span> <span class='ocrx_word' id='word_1_212' title='bbox 1111 2314 1427 2378; x_wconf 81' lang='lat' dir='ltr'><strong>solvantur,</strong></span> <span class='ocrx_word' id='word_1_213' title='bbox 1470 2332 1578 2370; x_wconf 87' lang='lat' dir='ltr'><strong>non</strong></span> <span class='ocrx_word' id='word_1_214' title='bbox 1604 2317 1825 2389; x_wconf 86' lang='lat' dir='ltr'><strong>quidem</strong></span> <span class='ocrx_word' id='word_1_215' title='bbox 1850 2318 1911 2372; x_wconf 90' lang='lat' dir='ltr'><strong>in</strong></span> <span class='ocrx_word' id='word_1_216' title='bbox 1938 2317 2116 2371; x_wconf 84' lang='lat' dir='ltr'><strong>eodem</strong></span> <span class='ocrx_word' id='word_1_217' title='bbox 2140 2314 2237 2367; x_wconf 72' lang='lat'><strong>1000</strong></span> 
     </span>
     <span class='ocr_line' id='line_1_28' title="bbox 379 2390 2237 2469; baseline -0.004 -17"><span class='ocrx_word' id='word_1_218' title='bbox 379 2397 476 2452; x_wconf 84' lang='lat' dir='ltr'><strong>ubi</strong></span> <span class='ocrx_word' id='word_1_219' title='bbox 514 2396 581 2451; x_wconf 93' lang='lat' dir='ltr'><strong>de</strong></span> <span class='ocrx_word' id='word_1_220' title='bbox 625 2396 876 2450; x_wconf 85' lang='lat' dir='ltr'><strong>methodo</strong></span> <span class='ocrx_word' id='word_1_221' title='bbox 915 2394 1163 2449; x_wconf 85' lang='lat' dir='ltr'><strong>solvendi</strong></span> <span class='ocrx_word' id='word_1_222' title='bbox 1201 2394 1542 2466; x_wconf 85' lang='lat' dir='ltr'><strong>problemata</strong></span> <span class='ocrx_word' id='word_1_223' title='bbox 1578 2400 1785 2461; x_wconf 85' lang='lat' dir='ltr'><strong>tracto,</strong></span> <span class='ocrx_word' id='word_1_224' title='bbox 1846 2398 1941 2451; x_wconf 83' lang='lat' dir='ltr'><strong>sed</strong></span> <span class='ocrx_word' id='word_1_225' title='bbox 1980 2395 2161 2469; x_wconf 79' lang='lat' dir='ltr'><strong>partim</strong></span> <span class='ocrx_word' id='word_1_226' title='bbox 2188 2390 2237 2445; x_wconf 87' lang='lat' dir='ltr'><strong>in</strong></span> 
     </span>
     <span class='ocr_line' id='line_1_29' title="bbox 378 2473 2235 2548; baseline -0.005 -15"><span class='ocrx_word' id='word_1_227' title='bbox 378 2478 510 2541; x_wconf 86' lang='lat' dir='ltr'><strong>hoc,</strong></span> <span class='ocrx_word' id='word_1_228' title='bbox 570 2476 768 2548; x_wconf 80' lang='lat' dir='ltr'><strong>partim</strong></span> <span class='ocrx_word' id='word_1_229' title='bbox 806 2480 862 2530; x_wconf 86' lang='lat' dir='ltr'><strong>et</strong></span> <span class='ocrx_word' id='word_1_230' title='bbox 902 2475 1247 2547; x_wconf 81' lang='lat' dir='ltr'><strong>potissimum</strong></span> <span class='ocrx_word' id='word_1_231' title='bbox 1286 2475 1344 2529; x_wconf 91' lang='lat' dir='ltr'><strong>in</strong></span> <span class='ocrx_word' id='word_1_232' title='bbox 1382 2475 1551 2545; x_wconf 88' lang='lat' dir='ltr'><strong>priori</strong></span> <span class='ocrx_word' id='word_1_233' title='bbox 1588 2476 1685 2530; x_wconf 89' lang='lat' dir='ltr'><strong>ubi</strong></span> <span class='ocrx_word' id='word_1_234' title='bbox 1724 2476 1790 2531; x_wconf 85' lang='lat' dir='ltr'><strong>de</strong></span> <span class='ocrx_word' id='word_1_235' title='bbox 1828 2473 2235 2532; x_wconf 78' lang='lat' dir='ltr'><strong>definitionibus,</strong></span> 
     </span>
     <span class='ocr_line' id='line_1_30' title="bbox 383 2554 2239 2625; baseline -0.005 -12"><span class='ocrx_word' id='word_1_236' title='bbox 383 2556 784 2621; x_wconf 83' lang='lat' dir='ltr'><strong>axiomatibus,</strong></span> <span class='ocrx_word' id='word_1_237' title='bbox 841 2560 897 2609; x_wconf 91' lang='lat' dir='ltr'><strong>et</strong></span> <span class='ocrx_word' id='word_1_238' title='bbox 933 2554 1363 2609; x_wconf 84' lang='lat' dir='ltr'><strong>theorematibus</strong></span> <span class='ocrx_word' id='word_1_239' title='bbox 1406 2554 1617 2625; x_wconf 85' lang='lat' dir='ltr'><strong>prolixe</strong></span> <span class='ocrx_word' id='word_1_240' title='bbox 1655 2555 1908 2611; x_wconf 83' lang='lat' dir='ltr'><strong>disserui.</strong></span> <span class='ocrx_word' id='word_1_241' title='bbox 1985 2556 2118 2611; x_wconf 86' lang='lat' dir='ltr'><strong>Nam</strong></span> <span class='ocrx_word' id='word_1_242' title='bbox 2150 2563 2239 2605; x_wconf 87' lang='lat' dir='ltr'><strong>me-</strong></span> 
     </span>
     <span class='ocr_line' id='line_1_31' title="bbox 381 2634 2239 2709; baseline -0.003 -16"><span class='ocrx_word' id='word_1_243' title='bbox 381 2638 584 2693; x_wconf 84' lang='lat' dir='ltr'><strong>thodus</strong></span> <span class='ocrx_word' id='word_1_244' title='bbox 622 2636 869 2690; x_wconf 79' lang='lat' dir='ltr'><strong>solvendi</strong></span> <span class='ocrx_word' id='word_1_245' title='bbox 907 2635 1090 2689; x_wconf 88' lang='lat' dir='ltr'><strong>omnia</strong></span> <span class='ocrx_word' id='word_1_246' title='bbox 1125 2634 1463 2705; x_wconf 84' lang='lat' dir='ltr'><strong>problemata</strong></span> <span class='ocrx_word' id='word_1_247' title='bbox 1499 2655 1568 2691; x_wconf 83' lang='lat' dir='ltr'><strong>ex</strong></span> <span class='ocrx_word' id='word_1_248' title='bbox 1602 2637 1781 2693; x_wconf 84' lang='lat' dir='ltr'><strong>tribus</strong></span> <span class='ocrx_word' id='word_1_249' title='bbox 1820 2636 2115 2709; x_wconf 86' lang='lat' dir='ltr'><strong>praeceptis</strong></span> <span class='ocrx_word' id='word_1_250' title='bbox 2134 2646 2239 2687; x_wconf 82' lang='lat' dir='ltr'><strong>eon·</strong></span> 
     </span>
     <span class='ocr_line' id='line_1_32' title="bbox 385 2714 2235 2788; baseline -0.001 -16"><span class='ocrx_word' id='word_1_251' title='bbox 385 2721 525 2781; x_wconf 84' lang='lat' dir='ltr'><strong>stat,</strong></span> <span class='ocrx_word' id='word_1_252' title='bbox 567 2716 636 2771; x_wconf 89' lang='lat' dir='ltr'><strong>ad</strong></span> <span class='ocrx_word' id='word_1_253' title='bbox 675 2733 814 2787; x_wconf 89' lang='lat' dir='ltr'><strong>qnae</strong></span> <span class='ocrx_word' id='word_1_254' title='bbox 851 2716 1034 2770; x_wconf 89' lang='lat' dir='ltr'><strong>omnia</strong></span> <span class='ocrx_word' id='word_1_255' title='bbox 1070 2714 1379 2786; x_wconf 84' lang='lat' dir='ltr'><strong>superiora,</strong></span> <span class='ocrx_word' id='word_1_256' title='bbox 1420 2716 1540 2770; x_wconf 81' lang='lat' dir='ltr'><strong>fuse</strong></span> <span class='ocrx_word' id='word_1_257' title='bbox 1586 2732 1705 2771; x_wconf 89' lang='lat' dir='ltr'><strong>meo</strong></span> <span class='ocrx_word' id='word_1_258' title='bbox 1734 2717 1951 2788; x_wconf 87' lang='lat' dir='ltr'><strong>judicio</strong></span> <span class='ocrx_word' id='word_1_259' title='bbox 1976 2715 2235 2787; x_wconf 74' lang='lat' dir='ltr'><strong>explicata,</strong></span> 
     </span>
     <span class='ocr_line' id='line_1_33' title="bbox 386 2796 2237 2869; baseline -0.002 -17"><span class='ocrx_word' id='word_1_260' title='bbox 386 2798 726 2859; x_wconf 78' lang='lat' dir='ltr'><strong>referuntur,</strong></span> <span class='ocrx_word' id='word_1_261' title='bbox 786 2812 923 2867; x_wconf 88' lang='lat' dir='ltr'><strong>quae</strong></span> <span class='ocrx_word' id='word_1_262' title='bbox 961 2796 1085 2850; x_wconf 89' lang='lat' dir='ltr'><strong>ideo</strong></span> <span class='ocrx_word' id='word_1_263' title='bbox 1123 2796 1393 2867; x_wconf 88' lang='lat' dir='ltr'><strong>prolixius</strong></span> <span class='ocrx_word' id='word_1_264' title='bbox 1430 2796 1497 2851; x_wconf 87' lang='lat' dir='ltr'><strong>de</strong></span> <span class='ocrx_word' id='word_1_265' title='bbox 1536 2815 1679 2852; x_wconf 82' lang='lat' dir='ltr'><strong>novo</strong></span> <span class='ocrx_word' id='word_1_266' title='bbox 1716 2798 1968 2853; x_wconf 86' lang='lat' dir='ltr'><strong>nolebam</strong></span> <span class='ocrx_word' id='word_1_267' title='bbox 2002 2798 2237 2869; x_wconf 67' lang='lat' dir='ltr'><strong>reperero:</strong></span> 
     </span>
     <span class='ocr_line' id='line_1_34' title="bbox 385 2875 2240 2947; baseline -0.003 -15"><span class='ocrx_word' id='word_1_268' title='bbox 385 2880 550 2947; x_wconf 86' lang='lat' dir='ltr'><strong>atque</strong></span> <span class='ocrx_word' id='word_1_269' title='bbox 588 2876 716 2931; x_wconf 86' lang='lat' dir='ltr'><strong>hinc</strong></span> <span class='ocrx_word' id='word_1_270' title='bbox 751 2875 912 2929; x_wconf 82' lang='lat' dir='ltr'><strong>facile</strong></span> <span class='ocrx_word' id='word_1_271' title='bbox 949 2876 1208 2947; x_wconf 83' lang='lat' dir='ltr'><strong>colliges,</strong></span> <span class='ocrx_word' id='word_1_272' title='bbox 1248 2892 1415 2947; x_wconf 88' lang='lat' dir='ltr'><strong>quare</strong></span> <span class='ocrx_word' id='word_1_273' title='bbox 1452 2894 1517 2930; x_wconf 89' lang='lat' dir='ltr'><strong>ea</strong></span> <span class='ocrx_word' id='word_1_274' title='bbox 1552 2881 1770 2931; x_wconf 85' lang='lat' dir='ltr'><strong>tantum</strong></span> <span class='ocrx_word' id='word_1_275' title='bbox 1794 2878 1969 2933; x_wconf 90' lang='lat' dir='ltr'><strong>doceo</strong></span> <span class='ocrx_word' id='word_1_276' title='bbox 1992 2877 2123 2931; x_wconf 84' lang='lat' dir='ltr'><strong>circa</strong></span> <span class='ocrx_word' id='word_1_277' title='bbox 2142 2880 2240 2941; x_wconf 75' lang='lat' dir='ltr'><strong>pro-</strong></span> 
     </span>
     <span class='ocr_line' id='line_1_35' title="bbox 385 2948 2242 3025; baseline -0.001 -16"><span class='ocrx_word' id='word_1_278' title='bbox 385 2954 678 3009; x_wconf 84' lang='lat' dir='ltr'><strong>blematum</strong></span> <span class='ocrx_word' id='word_1_279' title='bbox 720 2953 1075 3016; x_wconf 88' lang='lat' dir='ltr'><strong>solutionem,</strong></span> <span class='ocrx_word' id='word_1_280' title='bbox 1117 2972 1259 3025; x_wconf 81' lang='lat' dir='ltr'><strong>quae</strong></span> <span class='ocrx_word' id='word_1_281' title='bbox 1294 2954 1365 3009; x_wconf 88' lang='lat' dir='ltr'><strong>ad</strong></span> <span class='ocrx_word' id='word_1_282' title='bbox 1402 2955 1787 3011; x_wconf 81' lang='lat' dir='ltr'><strong>inveniendam</strong></span> <span class='ocrx_word' id='word_1_283' title='bbox 1826 2955 2139 3011; x_wconf 85' lang='lat' dir='ltr'><strong>solutionem</strong></span> <span class='ocrx_word' id='word_1_284' title='bbox 2166 2948 2242 3001; x_wconf 68' lang='lat' dir='ltr'><strong>de·</strong></span> 
     </span>
     <span class='ocr_line' id='line_1_36' title="bbox 392 3031 2243 3109; baseline -0.001 -20"><span class='ocrx_word' id='word_1_285' title='bbox 392 3032 946 3105; x_wconf 88' lang='lat' dir='ltr'><strong>monstrationemque</strong></span> <span class='ocrx_word' id='word_1_286' title='bbox 1000 3031 1319 3103; x_wconf 81' lang='lat' dir='ltr'><strong>adjumento</strong></span> <span class='ocrx_word' id='word_1_287' title='bbox 1373 3051 1491 3088; x_wconf 88' lang='lat' dir='ltr'><strong>esse</strong></span> <span class='ocrx_word' id='word_1_288' title='bbox 1545 3041 1807 3106; x_wconf 85' lang='lat' dir='ltr'><strong>possunt;</strong></span> <span class='ocrx_word' id='word_1_289' title='bbox 1866 3053 2031 3109; x_wconf 86' lang='lat' dir='ltr'><strong>quare</strong></span> <span class='ocrx_word' id='word_1_290' title='bbox 2064 3040 2243 3105; x_wconf 68' lang='lat' dir='ltr'><strong>quoque</strong></span> 
     </span>
    </p>
   </div>
   <div class='ocr_carea' id='block_1_3' title="bbox 2368 421 2387 1400">
    <p class='ocr_par' dir='ltr' id='par_1_4' title="bbox 2368 421 2387 1400">
     <span class='ocr_line' id='line_1_37' title="bbox 2368 421 2387 1400; baseline 0 0"><span class='ocrx_word' id='word_1_291' title='bbox 2368 421 2387 1400; x_wconf 95' lang='lat' dir='ltr'><strong> </strong></span> 
     </span>
    </p>
   </div>
   <div class='ocr_carea' id='block_1_4' title="bbox 2354 421 2402 2821">
    <p class='ocr_par' dir='ltr' id='par_1_5' title="bbox 2354 421 2402 2821">
     <span class='ocr_line' id='line_1_38' title="bbox 2354 421 2402 2821; baseline 0 0"><span class='ocrx_word' id='word_1_292' title='bbox 2354 421 2402 2821; x_wconf 95' lang='lat' dir='ltr'><strong> </strong></span> 
     </span>
    </p>
   </div>
   <div class='ocr_carea' id='block_1_5' title="bbox 2372 3001 2383 3516">
    <p class='ocr_par' dir='ltr' id='par_1_6' title="bbox 2372 3001 2383 3516">
     <span class='ocr_line' id='line_1_39' title="bbox 2372 3001 2383 3516; baseline 0 0"><span class='ocrx_word' id='word_1_293' title='bbox 2372 3001 2383 3516; x_wconf 95' lang='lat' dir='ltr'><strong> </strong></span> 
     </span>
    </p>
   </div>
  </div>
 </body>
</html>
