2432 3554
1281 186 1358 242 92

376 347 469 402 nia
506 348 675 418 igitur
711 363 847 418 quae
885 343 1235 418 cogitationis
1274 345 1464 411 habet,
1507 345 1724 402 nonnisi
1763 345 1907 400 modi
1948 349 2076 399 sunt
2097 344 2236 398 attri-

378 426 499 482 buti
552 427 903 497 cogitationis
945 426 1091 498 quod
1134 425 1252 482 Deo
1289 426 1658 482 attribuimus.
1734 425 1808 479 Et
1843 425 2042 480 iterum
2077 423 2238 478 omnia

372 523 515 578 quae
553 505 715 561 habet
750 507 983 570 formae,
1024 511 1236 571 motus,
1273 513 1330 560 et
1364 505 1592 561 aliarum
1631 522 1840 568 rerum,
1883 505 2068 558 eodem
2101 503 2241 558 modo

373 587 604 644 alterius
628 588 885 644 attributi
909 593 1057 652 sunt,
1088 605 1160 645 sc.
1186 587 1520 642 extensionis
1538 627 1550 647 ,
1581 585 1726 657 quod
1750 585 1868 639 Deo
1893 585 2242 640 attribuimus.

450 823 525 878 Et
577 841 902 895 quamquam
958 822 1237 886 nonnulli,
1293 823 1420 878 inde
1457 823 1601 894 quod
1640 823 1876 876 hominis
1911 827 2107 876 natura
2138 820 2246 874 sine

382 904 665 958 attributis
702 901 845 968 iliis,
886 920 1023 974 quae
1061 902 1165 974 ipsi
1203 901 1564 958 substantiam
1604 919 1719 956 esse
1745 901 2122 964 concedimus,
2161 915 2249 953 nee

376 983 613 1037 existere
652 999 751 1037 nec
786 981 1023 1053 intelligi
1061 983 1260 1054 possit,
1303 983 1672 1036 demonstrare
1697 987 1968 1036 conantur
1993 981 2246 1036 hominem

376 1062 745 1117 substantiam
774 1079 920 1125 esse,
962 1061 1063 1116 hoe
1088 1069 1269 1117 tamen
1297 1080 1404 1116 non
1433 1061 1542 1116 alio
1567 1061 1955 1126 fundamento,
1988 1061 2090 1116 nisi
2113 1060 2249 1114 falsis

375 1141 851 1212 suppositionibus
867 1143 1091 1206 nititur;
1116 1161 1237 1199 cum
1259 1142 1402 1196 enim
1423 1147 1621 1196 natura
1641 1141 1898 1195 materiae
1917 1140 2008 1194 vel
2026 1138 2248 1210 corporis

380 1222 497 1292 jam
536 1226 663 1276 ante
692 1223 917 1277 formam
944 1222 1105 1292 hujus
1124 1223 1363 1293 corporis
1385 1223 1610 1278 humani
1627 1222 1811 1286 fuerit,
1851 1228 2050 1277 natura
2069 1223 2247 1276 haecce

386 1301 597 1372 corpori
632 1301 867 1356 humano
894 1301 1111 1373 propria
1139 1306 1254 1356 este
1272 1303 1462 1374 nequit
1478 1345 1492 1367 ,
1527 1305 1656 1373 quia
1675 1301 1882 1358 clarum
1900 1308 2016 1367 est,
2057 1319 2170 1356 eam
2189 1299 2247 1354 ad

382 1379 617 1435 hominis
642 1386 892 1436 naturam
912 1381 1181 1452 pertinere
1200 1399 1311 1436 non
1331 1382 1571 1453 potuisse
1589 1387 1880 1454 antequam
1899 1383 2060 1437 homo
2077 1381 2246 1437 fuerit.

378 1757 450 1771 ‘—

440 1860 513 1907 12.
545 1858 651 1905 Tale
699 1858 837 1919 igitur
883 1874 1043 1920 eorpus
1090 1861 1207 1920 quod
1249 1862 1583 1923 proportionem
1617 1860 1747 1907 habet
1781 1860 1847 1907 uti
1879 1876 1918 1907 e.
1948 1874 2018 1921 gr.
2049 1858 2178 1907 unius
2206 1855 2252 1903 ad

373 1929 493 1987 tria,
538 1943 697 1990 eorpus
726 1929 835 1976 illud
866 1937 912 1977 et
942 1946 1065 1977 mens
1096 1936 1228 1979 erunt
1261 1932 1327 1978 uti
1359 1937 1560 1978 nostrum
1592 1938 1686 1989 est,
1735 1929 1974 1977 mutationi
2005 1944 2066 1978 sc.
2099 1928 2250 1987 subjee-

369 2006 469 2046 tum
500 1998 575 2045 sed
607 2015 700 2045 non
728 2000 835 2058 tali,
869 2006 919 2047 ut
950 2007 1074 2049 extra
1090 2002 1199 2049 fines
1216 2009 1290 2049 eat
1307 2002 1440 2049 unius
1457 2000 1512 2048 ad
1529 2002 1618 2048 tria
1626 2020 1641 2061 ς
1673 2006 1888 2061 quantum
1903 2016 2010 2047 vero
2029 2006 2249 2052 mutatur,

373 2077 553 2117 tantum
585 2070 719 2117 etiam
748 2086 871 2117 mens
904 2077 1117 2119 mutatur.

439 2214 513 2259 13.
547 2212 672 2258 Haec
718 2214 907 2259 mutatio
955 2228 1009 2260 ex
1056 2212 1159 2259 aliis
1190 2213 1451 2273 corporibus
1483 2239 1542 2247 —
1573 2213 1624 2259 in
1655 2220 1860 2260 nostrum
1890 2210 2176 2273 operantibus
2207 2231 2255 2241 -

376 2283 427 2329 in
474 2280 604 2329 nobis
651 2289 751 2329 orta
774 2318 787 2339 ‚
830 2299 926 2329 esse
972 2282 1127 2341 nequit
1174 2282 1264 2330 nisi
1313 2298 1456 2338 mens,
1507 2298 1621 2341 quae
1666 2282 1882 2329 continuo
1929 2286 2038 2328 tunc
2069 2286 2252 2333 mutata,

374 2354 509 2412 huJus
540 2352 803 2401 mutationis
834 2354 1011 2400 conscia
1042 2354 1145 2411 fiat3
1178 2369 1291 2413 quae
1315 2354 1505 2401 mutatio
1537 2353 1584 2401 id
1605 2360 1674 2401 est
1699 2353 1818 2415 quod
1845 2368 2022 2399 sensum
2049 2363 2258 2399 vocamus.

440 2494 516 2542 14.
549 2492 725 2541 Quodsi
772 2495 862 2541 alia
902 2508 1091 2555 corpora
1136 2500 1230 2543 tam
1278 2497 1560 2542 vehementer
1591 2497 1640 2542 in
1672 2501 1876 2541 nostrum
1906 2498 2171 2555 operantur,
2217 2495 2260 2533 ut

372 2566 606 2625 proportio
654 2570 801 2611 motus
848 2564 981 2611 unius
1026 2564 1083 2611 ad
1129 2564 1218 2611 tria
1263 2580 1440 2612 manere
1471 2572 1684 2629 nequeat,
1732 2580 1850 2611 mors
1881 2563 2007 2611 adest
2037 2569 2084 2609 et
2112 2557 2260 2608 mentis

377 2634 652 2693 destructio,
683 2640 819 2695 prout
848 2635 947 2682 idea
978 2636 1047 2682 vel
1078 2634 1265 2683 scientia
1295 2643 1364 2682 est
1395 2637 1528 2698 hujus
1560 2636 1762 2698 eorporis
1795 2636 1844 2682 in
1875 2635 1966 2682 ista
1983 2631 2261 2695 proportione

382 2710 530 2752 motus
562 2710 607 2753 et
640 2706 802 2765 quietis
834 2723 881 2753 se
912 2708 1131 2755 habentis.

444 2847 519 2892 15.
554 2844 677 2893 Quia
724 2862 828 2893 vero
874 2862 997 2895 mens
1031 2848 1185 2895 modus
1218 2852 1286 2895 est
1317 2848 1364 2895 in
1396 2847 1646 2896 substantia
1677 2846 1905 2907 cogitante
1921 2882 1934 2903 ,
1976 2850 2023 2892 et
2053 2845 2166 2889 bane
2193 2838 2259 2885 uti

382 2916 658 2964 extensionis
690 2932 957 2977 cognoscere
988 2926 1034 2965 et
1066 2933 1238 2977 amare,
1269 2926 1316 2965 et
1349 2934 1395 2966 se
1426 2919 1524 2979 ipsa
1555 2924 1782 2965 aeternam
1813 2914 1994 2964 reddere
2023 2911 2259 2975 posuisset,

378 2984 421 3031 si
458 2999 558 3030 eum
590 2984 851 3033 substantiis
883 3001 931 3033 se
960 2988 1147 3034 uniisset
1180 3002 1352 3050 semper
1383 2988 1536 3037 iisdem
1569 2987 1866 3037 manentibus.
