2432 3554
1313 204 1428 260 180

417 367 653 440 primum
712 365 1028 437 loquamur,
1090 364 1244 429 dice,
1303 364 1352 419 si
1410 364 1798 435 supponimus.
1865 380 1959 419 eas
2013 382 2118 421 non
2167 360 2278 419 alias

414 464 609 504 causas
651 442 847 501 habere
884 461 1045 515 quam
1084 443 1400 515 posuimus,
1455 462 1586 508 nos,
1625 444 1916 501 intellectu
1956 449 2135 499 nostro
2169 442 2276 497 bene

415 530 665 587 utentes,
710 526 825 585 uti,
869 532 1099 579 metrum
1141 524 1402 579 habentes
1437 524 1692 579 veritatis
1718 529 1774 578 et
1798 522 2087 586 falsitatis,
2113 524 2276 579 mdmo-

414 606 545 661 dum
584 604 745 660 facile
783 621 1072 675 possumus
1116 606 1188 675 ¹),
1231 622 1511 677 nunquam
1550 608 1736 661 in‘eas
1773 604 2088 677 illapsurus,

485 685 651 746 Quod
690 701 819 738 vero
856 683 1137 755 passiones
1173 682 1302 739 illae
1340 702 1450 739 non
1489 686 1626 741 alias
1665 684 1901 739 habeant
1939 701 2159 749 causan,
2189 682 2281 753 jam

413 764 899 821 demonstrandum
956 764 1092 826 erit;
1152 782 1262 837 qua
1315 766 1374 841 in
1419 782 1476 819 re
1515 764 1781 837 postulari
1823 764 1956 820 mihi
1995 760 2202 819 videtur
2234 764 2284 815 ut

416 861 513 898 nos
552 850 729 906 totos»,
788 850 901 897 tam
939 842 1085 915 quod
1123 844 1192 897 ad
1231 860 1429 916 corpus
1465 862 1628 915 quam
1667 846 1736 899 ad
1777 848 2046 907 mentem,
2109 842 2284 897 exami-

416 940 636 986 nemus,
700 928 754 977 et
808 922 1026 994 quidem
1066 924 1301 993 primum
1341 926 1722 985 ostendamus,
1783 926 1840 979 in
1881 928 2082 979 natura
2115 938 2288 993 corpus

413 1020 565 1069 esse,
623 1002 781 1073 cujus
838 1004 1233 1058 constitutione
1295 1008 1352 1059 et
1405 1004 1713 1059 actionibus
1753 1004 2053 1059 afficiamur
2089 1003 2286 1075 ejusque

414 1084 586 1157 igitur
636 1082 841 1139 conscii
890 1084 1097 1139 fiamus,
1173 1082 1339 1143 Quod
1379 1102 1442 1137 ea
1481 1084 1547 1139 de
1586 1101 1643 1139 re
1681 1086 1944 1151 facimus,
2002 1086 2157 1155 quia,
2212 1080 2285 1135 uhi

414 1165 661 1222 actiones
716 1164 957 1233 corporis
1011 1166 1067 1217 et
1122 1162 1254 1236 quid
1303 1162 1478 1219 abiis
1517 1166 1775 1235 procedat
1809 1162 2144 1226 viderimus,
2197 1160 2284 1233 pri-

415 1260 556 1297 mam
613 1243 1065 1315 praecipuamque
1120 1258 1339 1297 causam
1378 1244 1618 1299 omnium
1663 1245 1852 1299 harum
1895 1244 2183 1299 affectuum
2217 1242 2283 1296 in-

413 1324 723 1387 veniemu5‚
784 1323 1054 1394 simulque
1108 1322 1250 1377 illud
1306 1340 1414 1394 quo
1471 1322 1700 1378 affectus
1752 1340 1940 1379 omnes
1979 1320 2149 1379 everti
2185 1337 2282 1393 pos-

411 1406 543 1459 sint.
620 1404 782 1459 Unde
856 1408 1134 1477 praeterea
1206 1404 1393 1458 videre
1449 1405 1746 1474 poterimus
1819 1422 1889 1457 an
1937 1402 2040 1458 hoc
2101 1404 2288 1459 ratione

416 1482 532 1539 fieri
571 1484 777 1555 possit;
817 1486 873 1538 et
909 1482 1106 1538 deinde
1144 1484 1308 1537 etiam
1349 1482 1636 1555 loquemur
1667 1485 1734 1539 dc
1761 1499 1942 1538 amore
1971 1488 2156 1539 nostra
2178 1496 2281 1557 erga

415 1564 615 1619 Deum.

406 2131 539 2178 ambo
590 2131 647 2176 ab
697 2131 753 2177 iis
803 2147 887 2178 nos
934 2130 1115 2178 liberari
1146 2137 1332 2190 queunt.
1397 2130 1550 2180 Tertia
1581 2131 1706 2190 sola,
1755 2147 1916 2192 nempe
1945 2146 2052 2180 vera
2077 2126 2282 2190 cognitim

410 2201 504 2248 fieri
538 2207 719 2260 posset,
752 2208 803 2250 ut
836 2203 893 2248 ab
926 2203 989 2250 eis
1018 2218 1103 2250 nos
1135 2203 1375 2262 liberarem
1407 2205 1571 2262 absque
1603 2219 1682 2262 ea,
1715 2204 1784 2252 uti
1799 2204 1957 2252 deinde
1975 2203 2116 2252 adhue
2131 2202 2280 2250 damon·

367 2336 371 2338 .
407 2271 651 2329 strabitur,
701 2273 977 2333 impossibile
1024 2279 1093 2320 est
1131 2281 1183 2322 ut
1216 2276 1276 2322 ab
1307 2275 1364 2322 iia
1396 2274 1648 2322 liberemur.
1711 2275 1876 2322 Nonne
1907 2277 1996 2322 hoe
2027 2273 2132 2322 illud
2162 2275 2282 2324 aad·

406 2344 461 2389 de
492 2359 582 2402 quo
616 2343 823 2390 nonnulli
856 2344 957 2392 aliis
990 2345 1074 2392 sub
1104 2345 1364 2393 nominibus
1395 2351 1571 2394 tantum
1603 2346 1850 2408 scripsere?
1917 2345 2038 2395 Quis
2067 2345 2178 2392 enim
2205 2353 2280 2387 not

406 2415 552 2472 videt,
602 2431 733 2477 quam
780 2415 1009 2462 commode
1057 2431 1137 2474 per
1184 2416 1442 2479 opinionem
1490 2422 1702 2476 peccata,
1751 2433 1832 2478 per
1862 2417 1994 2464 fidem
2022 2417 2156 2477 legem
2187 2424 2280 2472 qm

408 2492 589 2546 peccata
638 2486 896 2534 manifestat
913 2523 927 2544 ‚
976 2491 1023 2534 et
1066 2503 1147 2548 per
1181 2501 1332 2536 veram
1361 2489 1664 2548 cognitionem
1696 2489 1888 2550 grafium
1919 2505 2032 2550 quac
2061 2505 2087 2534 a
2117 2481 2286 2548 peceati*

406 2571 491 2602 nos
522 2557 683 2604 liberat
713 2557 969 2618 intelligere
994 2559 1248 2618 possimus?

471 2876 520 2933 1)
583 2875 823 2936 Intellige:
870 2877 1048 2936 quando
1080 2879 1382 2940 cognitionem
1416 2883 1677 2942 profundam
1709 2881 1922 2932 habemus
1953 2881 2058 2928 boni
2089 2879 2279 2937 malique:

409 2943 613 2992 veritatis
642 2953 687 2992 et
720 2947 959 3008 falsitati83
1012 2955 1123 2996 tunc
1153 2951 1272 2998 enim
1305 2952 1578 3012 impossibile
1609 2961 1678 3001 est
1693 2991 1708 3014 ‚
1757 2955 1798 3000 ei
1829 2955 2075 3014 subjectum
2102 2965 2218 3005 ense»
2256 2961 2277 2989 ⁸

408 3033 499 3076 quo
532 3020 761 3077 passiones
794 3021 1000 3068 oriuntur
1018 3042 1033 3080 3
1065 3024 1138 3070 ubi
1171 3024 1291 3071 enim
1325 3023 1540 3088 optimum
1575 3027 1883 3085 cognoscimus
1916 3041 2054 3085 eoque
2081 3024 2275 3076 fruamur,

401 3089 535 3150 pejus
563 3087 609 3134 in
640 3103 724 3136 nos
751 3092 995 3151 potentiam
1027 3109 1119 3140 non
1152 3095 1299 3144 habet.
