2432 3554
1273 154 1387 211 188

382 310 691 367 diminutus
727 312 815 366 vel
854 311 984 384 quia
1020 312 1183 369 nimis
1206 315 1595 384 augmentatus
1621 316 1723 367 est.
1763 310 2052 367 Diminutio
2076 310 2248 365 haecne

307 454 313 458 ,
381 409 491 447 non
546 396 763 447 tantum
818 394 879 448 fit
938 393 1101 449 nimis
1156 410 1320 464 parco
1371 392 1495 447 cibo
1526 396 1740 457 sumto,
1782 392 1875 445 sed
1917 393 2106 455 etiam,
2138 391 2248 458 poet

381 472 682 543 longiorem
733 490 985 536 cursum,
1044 473 1246 543 majore
1284 490 1447 545 quam
1483 490 1822 529 communem
1865 490 2022 545 quem
2057 468 2249 541 corpori

381 552 649 607 dederunt
686 564 836 607 motu
875 554 933 608 in
969 570 1077 626 quo
1115 554 1308 607 fortem
1345 553 1618 607 habebant
1644 554 1932 607 introitum
1959 552 2247 608 transitum·

380 650 510 704 que,
554 634 753 703 quibus
779 633 1055 689 debilitati
1082 638 1232 687 sunt.
1281 632 1644 703 Auqmentatio
1663 650 1792 687 vero
1817 634 1912 697 fit,
1951 631 2160 705 quando
2177 629 2246 685 ni·

381 712 485 766 mis
540 712 656 768 vini
700 712 789 767 vel
828 712 971 769 alius
1008 714 1252 770 fortioris
1288 718 1450 785 potus
1489 712 1738 769 bibentes
1778 712 1976 768 hilares
2013 712 2097 767 vel
2129 707 2250 765 ebrii

380 792 614 855 redditi,
658 792 921 849 efficimus
978 798 1039 847 ut
1096 811 1246 847 mens
1302 794 1601 865 potentiam
1659 811 1770 847 non
1825 791 2026 847 habeat
2077 804 2250 861 corpus

380 871 672 943 dirigendi.

450 1110 575 1167 Hoc
625 1110 705 1165 ita
758 1109 826 1163 de
876 1112 1006 1167 actu
1063 1110 1264 1166 mentis
1301 1110 1359 1165 in
1395 1128 1594 1182 corpus
1633 1110 1842 1166 dictum
1880 1110 1972 1165 sit.
2047 1108 2166 1163 Jam
2195 1106 2250 1161 de

382 1190 629 1261 corporis
664 1194 794 1245 actu
831 1190 889 1245 in
928 1194 1163 1247 mentem
1200 1188 1502 1247 videamus.
1539 1190 1904 1261 Praecipuum
1929 1188 2089 1244 illum
2115 1185 2250 1241 habe·

381 1287 533 1333 muS,
592 1287 701 1343 quo
758 1274 995 1325 mentem
1044 1288 1215 1342 eaque
1253 1270 1364 1325 alia
1401 1288 1628 1343 corpora
1665 1271 1752 1327 sui
1790 1271 2012 1327 conscia
2049 1268 2246 1328 reddat:

377 1349 523 1422 quod
562 1348 693 1405 solis
730 1352 947 1404 tantum
986 1354 1138 1404 motu
1176 1354 1234 1404 et
1271 1352 1455 1422 quiete
1481 1351 1818 1423 conjunctim
1847 1354 2137 1412 causatur:
2173 1366 2250 1403 ne-

382 1446 488 1501 que
527 1430 669 1483 enim
708 1429 767 1485 in
804 1446 1029 1501 corpore
1067 1429 1176 1487 alia
1216 1436 1378 1496 sunt,
1419 1432 1619 1504 quibus
1657 1450 1816 1503 agere
1855 1436 2070 1501 posset;
2110 1429 2252 1485 itaut

380 1507 565 1565 omnia
621 1527 759 1580 quae
816 1512 1031 1581 praeter
1072 1510 1450 1581 perceptiones
1487 1511 1623 1567 istas
1661 1510 1830 1565 menti
1869 1511 2040 1574 fiant,
2093 1527 2126 1563 ο,
2153 1522 2250 1563 cor-

380 1604 509 1658 pore
576 1588 790 1643 causari
860 1593 1153 1660 nequeant.
1253 1588 1328 1644 Et
1393 1591 1523 1662 quia
1597 1592 1830 1661 primum
1907 1589 2055 1663 quod
2127 1601 2250 1642 mene

379 1669 661 1739 cognoscit
733 1684 931 1739 corpus
995 1672 1107 1731 est,
1182 1669 1312 1725 inde
1386 1670 1670 1741 procedit,
1721 1669 1868 1741 quod
1929 1686 2079 1723 mens
2130 1665 2246 1723 illud

384 1752 528 1804 amet
586 1748 918 1820 uniaturque
972 1764 1094 1805 cum
1152 1766 1236 1804 eo.
1315 1748 1452 1805 Cum
1503 1755 1689 1806 autem
1718 1749 1834 1820 jem
1873 1754 2037 1804 antea
2074 1746 2248 1804 dixeri·

385 1845 503 1882 mus
560 1829 787 1892 amor-ie,
851 1828 1003 1894 odii,
1060 1829 1430 1900 tristitiaeque
1487 1846 1706 1885 causam
1765 1847 1873 1884 non
1913 1827 2247 1900 quaerendam

384 1925 501 1962 esse
540 1908 596 1962 in
637 1925 860 1978 corpore
900 1908 993 1962 sed
1031 1913 1248 1964 tantum
1285 1911 1343 1964 in
1384 1915 1591 1972 mente;
1637 1927 1824 1964 omnes
1863 1910 2008 1964 enim
2035 1905 2246 1978 corporis

384 1988 631 2042 actiones
669 2006 737 2044 ex
778 1993 931 2042 motu
970 1993 1027 2041 et
1063 1988 1246 2060 quiete
1285 1987 1574 2060 procedere
1613 1988 1846 2050 debent:
1889 1993 1946 2042 et
1983 2005 2105 2042 cum
2127 1985 2248 2041 clare

384 2065 749 2140 distincteque
769 2067 1072 2130 videamuS,
1100 2067 1329 2123 alterius
1349 2085 1582 2124 amorem
1605 2069 1662 2122 in
1685 2068 1840 2122 nobis
1863 2085 1971 2123 non
1991 2067 2138 2131 oriri,
2157 2060 2244 2118 nisi

384 2148 506 2202 idea
544 2146 682 2203 illud
722 2149 922 2202 bonum
952 2147 1145 2203 melius
1171 2166 1316 2211 esse;
1358 2146 1502 2202 clare
1529 2145 1656 2203 inde
1683 2147 2068 2217 consequitur,
2103 2157 2246 2215 quum

384 2226 559 2282 Deum
599 2244 1017 2298 cognoscemus,
1058 2229 1374 2299 cognitione
1404 2227 1596 2282 saltem
1625 2244 1794 2297 aeque
1817 2225 1966 2281 clara
1993 2241 2055 2280 uc
2079 2241 2138 2278 ea
2157 2234 2246 2293 qua

383 2322 579 2378 corpus
618 2311 865 2362 nostrum
903 2309 1310 2378 cognoscimuS,
1353 2325 1452 2362 nos
1489 2307 1696 2362 arctius
1723 2322 1847 2361 cum
1875 2323 1939 2359 eo
1966 2321 2120 2376 quam
2144 2316 2246 2356 cum

382 2401 607 2457 corpore
665 2389 853 2440 nostro
910 2386 1095 2440 unitos
1138 2405 1256 2442 esse
1293 2387 1489 2442 debere
1527 2403 1858 2458 corporeque
1896 2389 2161 2456 tamquam
2193 2378 2246 2432 li·

386 2463 619 2524 heratos.
692 2465 921 2522 Arctius
976 2465 1129 2530 dico,
1196 2470 1360 2523 antea
1415 2467 1560 2522 enim
1612 2465 1724 2537 jam
1779 2461 2246 2520 demonstravimus
