2432 3554
1073 219 1190 275 291

178 379 442 435 Baruohii
469 380 534 434 de
561 381 862 452 Espinoza.
893 397 988 451 per
1005 398 1094 434 va·
1169 379 1237 433 de
1274 379 1580 450 Espinoza,
1622 397 1949 451 procui-arao
1986 399 2084 452 por

177 461 294 516 rios
319 461 651 515 studuerunt
677 461 862 514 modos
893 465 950 514 et
975 477 1096 532 pro·
1170 459 1481 514 differentes
1538 461 1818 516 caminhos
1876 480 1905 514 e
1964 479 2086 533 pro·

181 542 470 595 missiones
503 559 626 595 eum
652 557 686 594 a
712 540 868 595 malis
893 540 1090 594 distra-
1166 556 1404 606 messus,
1448 540 1669 594 retiralo
1707 540 1775 594 de
1813 559 1938 595 seus
1972 560 2084 595 ma-

177 619 312 674 bere
353 621 458 675 viis
500 623 572 690 1);
631 637 754 674 eum
792 637 921 674 vero
959 619 1095 673 nihil
1173 636 1234 672 os
1266 620 1581 684 eaminhos,
1622 639 1651 674 e
1696 638 1800 674 nao
1828 621 2077 692 podendo

173 703 236 758 in
277 721 342 756 eo
381 702 669 756 remediari
705 701 1020 773 potuerint,
1059 719 1088 754 e
1165 699 1493 766 remediale,
1522 703 1707 762 antee,
1734 699 1853 769 pelo
1877 704 2090 755 eontra-

179 782 460 837 eontrario
497 787 677 835 au'tem
717 780 961 852 quotidie
989 797 1097 834 ma·
1174 785 1293 848 rio,
1334 770 1501 836 tendss
1540 779 1674 834 eada
1712 779 1803 833 dia
1843 797 2087 850 may-ores

175 863 262 933 gis
278 859 1102 931 cognoscerenthorribilesejus
1175 865 1441 926 noticias„
1483 861 1580 915 das
1620 861 1913 915 horrendas
1940 862 2089 916 here·

182 942 400 996 hereses
425 941 493 995 ab
519 959 582 994 eo
602 945 754 995 actas
774 941 1094 1011 doctusque,
1172 946 1293 1018 gias
1318 961 1423 1016 que
1449 941 1729 1013 pratieava
1751 960 1779 994 e
1800 942 2083 1007 ensinava,

177 1028 238 1075 et
272 1021 600 1085 insolentia,
659 1038 796 1092 quae
841 1021 1100 1091 operaba-
1173 1045 1202 1080 e
1242 1040 1494 1090 ynormes
1532 1021 1689 1075 obras
1721 1038 1823 1092 que
1850 1022 2083 1085 obi-ava,

180 1106 301 1164 tur,
357 1118 552 1171 Opera.
613 1117 842 1171 cumque
892 1099 1095 1154 multos
1169 1104 1336 1160 tendo
1376 1103 1521 1156 disto
1560 1101 1760 1156 muitas
1800 1103 2089 1156 testimun-

175 1180 300 1250 ejus
359 1180 436 1233 rei
475 1179 580 1233 fide
618 1178 813 1249 dignos
852 1184 1104 1233 tenerent
1178 1188 1274 1240 has
1299 1182 1631 1252 fidedignas,
1661 1199 1764 1252 que
1785 1182 2088 1252 depuzerao

177 1264 354 1314 testes
371 1261 452 1328 ²),
501 1259 595 1330 qui
633 1259 1005 1329 dePOSuerU-nt
1042 1264 1098 1313 et
1171 1285 1201 1318 e
1228 1261 1669 1318 testemunharao
1694 1262 1830 1316 tudo
1856 1281 1938 1316 em
1968 1280 2086 1334 pre·

177 1340 374 1394 testati
432 1343 594 1404 sunt,
635 1337 785 1392 dieto
821 1337 1096 1408 Espinoza
1173 1361 1337 1414 zenea
1376 1341 1443 1395 de
1482 1340 1624 1395 ditto
1660 1341 1967 1412 Espinoza‚
2014 1343 2081 1398 de

179 1423 503 1491 praesente,
532 1437 565 1472 a
589 1418 790 1490 quibus
815 1420 1102 1472 convictus
1179 1443 1285 1496 que
1324 1424 1464 1477 fioou
1490 1422 1858 1480 convencido:
1900 1441 1931 1476 o
1956 1423 2087 1494 qual

177 1499 324 1560 fuit:
366 1497 612 1551 examine
641 1499 708 1551 de
735 1498 984 1551 omnibus
1013 1499 1106 1551 ha·
1178 1503 1316 1558 tudo
1353 1502 1676 1556 examinatio
1713 1520 1795 1555 em
1833 1519 2093 1575 prezenea

181 1579 322 1641 bito,
348 1579 402 1633 in
427 1579 735 1649 praesentia
751 1578 1105 1633 Dominorum
1179 1585 1281 1637 dos
1307 1582 1431 1638 SSre
1465 1581 1752 1636 Hahamim
1777 1624 1789 1644 ‚
1832 1582 2095 1638 delibera·

175 1657 530 1729 Sapientiam
550 1701 564 1722 ,
623 1658 1062 1714 deliberaverunt
1081 1699 1100 1724 ,
1180 1681 1273 1716 rao
1307 1681 1424 1717 eom
1452 1679 1547 1716 seu
1577 1678 1793 1731 parecer
1819 1678 1922 1732 que
1949 1662 2093 1717 ditto

178 1737 319 1811 ipsis
374 1737 833 1815 assentientibuS,
887 1738 1124 1795 dictum'
1172 1743 1447 1814 Espinoza
1508 1740 1619 1812 seja
1675 1741 2001 1797 enhermado
2060 1761 2088 1797 e

177 1819 514 1889 Espinozam
551 1819 1010 1873 anathematizare
1045 1825 1100 1875 et
1173 1824 1436 1895 apartado
1479 1823 1549 1878 da
1586 1839 1756 1889 naoao
1781 1822 1847 1875 de
1874 1823 2083 1883 Israel.

171 1900 472 1970 sejungere
511 1916 542 1953 a
581 1899 802 1954 natione
841 1899 1096 1965 Israelis,
1173 1921 1328 1959 como
1366 1903 1731 1958 aetualmente
1770 1920 1802 1955 ο
1843 1904 1969 1973 poin
2004 1923 2087 1959 em

178 1980 266 2033 uti
340 1978 456 2048 jam
510 1997 632 2033 eum
689 1979 746 2033 in
802 1980 1091 2035 anathema
1165 1984 1388 2047 Herem,
1414 1982 1792 2037 eomoHerem
1810 1983 2079 2053 sequinte:

176 2062 430 2130 ponunt,
467 2076 592 2113 eum
631 2059 974 2114 anathemate
1011 2078 1094 2114 se·
1244 2064 1378 2118 Com
1422 2067 1677 2129 sentenea
1721 2062 1819 2116 dos
1866 2064 2045 2135 Anjos
2070 2107 2084 2128 ,

171 2143 416 2211 quente:
1173 2160 1292 2197 eom
1321 2142 1462 2197 ditto
1488 2142 1587 2197 dos
1618 2144 1837 2206 Santos,
1866 2160 1963 2198 nos
1990 2162 2083 2198 en·

249 2217 481 2274 ,Iudicio
525 2217 842 2289 angelorum
881 2224 1096 2275 sancto·
1173 2223 1509 2285 hermamOS,
1548 2226 1855 2291 apertamos
1894 2240 1923 2274 e
1950 2224 2083 2277 mal-

175 2316 412 2369 rumque
462 2297 675 2368 judicio
741 2299 1101 2354 anathemati·
1175 2303 1447 2356 disoamos
1522 2320 1551 2355 e
1618 2302 1996 2372 praguejamos
2054 2322 2087 2357 a

176 2396 396 2440 zamae,
431 2370 797 2449 sejungimus,
829 2379 1102 2436 maledici
1176 2382 1393 2437 Barueh
1457 2383 1523 2435 de
1586 2381 1889 2451 Espinoza,
1966 2400 2087 2436 eom

175 2475 305 2511 mus
380 2461 434 2511 et
501 2476 816 2513 execramus
877 2460 1093 2516 Barueh
1171 2462 1597 2517 eonsentiminto
1659 2459 1746 2514 del
1811 2462 1878 2517 D.
1934 2462 1997 2518 B.
2054 2482 2084 2515 e

173 2537 512 2607 d'Espinoza
530 2578 544 2601 ,
574 2539 906 2593 assentiente
927 2541 1099 2595 tribu·
1174 2543 1529 2597 consentimto
1550 2541 1615 2595 de
1642 2540 1773 2596 todo
1798 2546 1913 2594 este
1939 2540 2088 2599 Κ.Κ.

176 2616 298 2671 nali
335 2616 749 2689 Ecclesiastieo‘
787 2623 842 2673 et
867 2637 1092 2675 consen·
1166 2622 1354 2677 diante
1409 2623 1507 2677 dos
1566 2627 1751 2677 santos
1802 2621 2085 2693 Sepharim

241 2810 292 2865 1)
340 2808 541 2855 Pertinet
589 2826 762 2869 quoque
810 2813 895 2859 hue
943 2814 1039 2860 sine
1087 2814 1225 2861 dubio
1271 2815 1389 2874 quod
1422 2820 1631 2863 narratur
1662 2816 1709 2861 in
1743 2816 1833 2861 vita
1869 2814 2087 2875 Spinozae

167 2880 227 2925 de
264 2878 486 2937 stipendio
519 2880 560 2927 ei
592 2896 618 2927 a
649 2882 824 2929 Judaeis
857 2886 1092 2943 promisso.

237 2950 290 3005 2)
321 2948 472 2995 Facile
523 2950 622 3008 quis
669 2951 788 2999 inter
830 2968 906 3001 eos
939 2964 1228 3012 recognoscet
1260 2959 1397 3005 salsos
1429 2958 1531 3005 illos
1564 2957 1729 3005 amicos
1762 2958 1817 3004 de
1849 2957 2009 3017 quibus
2040 2958 2089 3004 in

172 3020 272 3065 vita
304 3018 528 3078 Spinozse
561 3036 704 3067 sermo
735 3029 804 3069 est
835 3024 944 3082 „qui
975 3040 1025 3071 se
1057 3026 1206 3075 disant
1240 3046 1309 3077 ses
1340 3030 1452 3076 amis
1485 3029 1763 3089 particuliers
1795 3030 1837 3075 le
1879 3028 2083 3088 conjure-

173 3095 279 3135 rent
313 3090 366 3135 de
398 3090 494 3136 leur
529 3091 624 3137 dire
655 3109 724 3139 ses
760 3094 994 3143 veritables
1027 3101 1350 3161 sentiments,”
1383 3108 1468 3149 ete.

1770 3182 1878 3237 19*
