2432 3554
1344 185 1421 242 76

435 351 652 400 tantum
679 346 760 401 rei
785 347 1084 418 cogitantis
1107 346 1287 409 modi,
1328 363 1576 418 quaeque
1602 362 1703 401 nee
1728 345 1963 400 existere
1992 363 2093 401 nee
2116 344 2311 416 concipi

432 429 636 497 queant
689 427 808 480 sine
853 426 1164 480 substantia
1199 427 1299 480 illa
1335 426 1495 496 cujus
1534 426 1681 481 modi
1720 431 1884 489 sunt,
1942 444 2044 481 nee
2088 427 2165 490 ei,
2226 423 2311 496 qui

431 513 518 561 est
553 524 650 560 ens
685 524 782 578 per
819 524 876 562 se
912 511 1128 561 tantum
1167 507 1453 568 existens,
1492 505 1721 560 attribui
1760 506 1989 577 possint.

502 743 788 799 Postremo
826 762 952 798 eum
987 761 1261 798 summum
1300 743 1495 798 dicunt
1530 741 1767 803 bonnmz
1806 758 1919 812 quo
1944 741 1991 796 si
2017 741 2165 796 aliud
2192 741 2330 817 quid‘

430 823 748 896 intelligant
791 841 952 896 quam
985 824 1100 894 jam
1139 823 1411 886 dixerint,
1478 840 1673 894 nempe
1710 823 1887 878 Deum
1926 839 2045 876 esse
2082 823 2317 876 immuta·

433 903 594 957 bilem
653 909 710 958 et
765 905 1009 958 omnium
1047 921 1300 966 eausam,
1359 903 1419 957 in
1454 903 1697 973 ipsorum
1735 903 1860 956 idea
1895 903 2111 958 confusi
2144 903 2316 964 suere,

382 991 388 997 '
429 1000 530 1038 nec
567 1000 626 1036 se
661 983 766 1054 ipsi
806 983 1114 1055 intelligere
1149 987 1483 1054 potuerunt;
1523 981 1671 1053 quod
1710 990 1891 1036 ortum
1929 985 2015 1038 est
2050 1001 2118 1038 ex
2144 995 2315 1038 eorum

430 1062 500 1116 de
557 1062 698 1116 bono
755 1066 810 1116 et
868 1061 1010 1116 malo
1047 1079 1259 1126 errore,
1315 1078 1425 1133 quo
1460 1067 1663 1133 putant
1700 1061 2006 1128 hominem,
2064 1079 2167 1121 nec
2202 1078 2316 1116 vero

430 1142 643 1203 Deum,
706 1142 835 1196 boni
871 1142 958 1196 sui
995 1144 1052 1196 et
1087 1141 1219 1197 mali
1257 1158 1475 1196 oausam
1514 1159 1666 1204 esse;
1716 1141 1895 1213 quod,
1936 1142 2237 1200 secundum
2268 1141 2316 1194 id

429 1222 576 1293 quod
606 1221 724 1292 jam
750 1222 1273 1283 demonstravitum,
1315 1238 1433 1275 esse
1458 1222 1689 1292 nequit,
1730 1222 1837 1276 nisi
1867 1221 2137 1276 bominem
2164 1222 2313 1276 etiam

431 1301 516 1356 sui
574 1319 792 1357 eausam
867 1319 986 1356 esse
1041 1317 1324 1373 ponamus.
1396 1299 1563 1361 Quod
1619 1317 1780 1364 vero,
1842 1299 1937 1356 ubi
1988 1301 2057 1356 de
2096 1300 2312 1356 hominis

431 1381 717 1436 voluntate
754 1399 1007 1453 agemus,
1049 1381 1253 1437 elarius
1289 1380 1469 1436 adhuc
1504 1381 1737 1452 patebit.

505 1699 633 1754 Jam
675 1715 894 1754 neeesse
933 1698 1068 1761 erit,
1109 1702 1176 1752 ut
1211 1715 1398 1753 eorum
1426 1697 1791 1769 sophismata,
1828 1698 2031 1770 quibus
2058 1698 2313 1754 inscitiam

433 1796 584 1834 suam
623 1780 690 1834 de
727 1781 848 1836 Deo
884 1796 1146 1836 excusare
1183 1784 1485 1842 conantur,
1528 1780 1829 1835 solvamus.

506 1937 714 1993 Dicunt
753 1938 928 2010 igitur
964 1937 1231 2009 primum,
1286 1937 1587 2009 legitimam
1624 1937 1997 1993 definitionem
2038 1939 2314 1993 consistere
2385 1964 2386 1973 ÷

433 2017 628 2073 debere
683 2019 740 2073 in
797 2035 994 2090 genere
1049 2022 1106 2073 et
1143 2019 1353 2089 speeie,
1413 2010 1557 2091 quod
1598 2021 1702 2075 etsi
1742 2020 1811 2075 ab
1848 2020 2103 2075 omnibus
2138 2018 2313 2091 logicis

432 2097 794 2161 concedatur,
847 2098 1032 2153 neseio
1071 2102 1254 2153 tamen
1292 2098 1439 2153 unde
1476 2098 1615 2154 illud
1656 2099 1920 2162 habeant;
1962 2099 2065 2157 hoc
2100 2100 2239 2155 euim
2274 2096 2311 2153 si

431 2194 619 2231 verum
659 2183 829 2240 esset,
873 2178 1011 2232 nihil
1050 2182 1194 2233 esset
1230 2179 1379 2251 quod
1414 2180 1553 2235 seire
1594 2197 1901 2251 possemus,
1942 2180 2103 2252 quia,
2144 2179 2189 2235 si
2215 2194 2310 2235 rem
2383 2240 2384 2245 ἵ

432 2262 596 2311 antea
632 2258 868 2327 perfecte
907 2274 1235 2328 cognoscere
1272 2259 1567 2315 debeamus
1600 2276 1694 2330 per
1718 2259 2093 2315 definitionem
2118 2258 2312 2331 generis
2383 2266 2384 2297 ³

433 2342 490 2390 et
527 2336 762 2407 speciei,
801 2355 1078 2409 nunquam
1117 2340 1355 2409 perfecte
1394 2354 1784 2409 cognoscemus
1822 2356 2093 2395 summum
2128 2354 2310 2411 genus,

433 2415 577 2486 quod
617 2433 782 2486 supra
819 2434 876 2470 se
915 2414 1128 2471 nullum
1168 2434 1343 2488 genus
1382 2418 1609 2481 habeam
1650 2422 1815 2491 atque
1855 2420 1961 2475 nisi
1988 2436 2160 2491 genus
2185 2434 2310 2475 sum-

436 2512 616 2555 mum.
677 2496 822 2567 quod
879 2496 1122 2551 omnium
1179 2497 1411 2553 aliarum
1449 2515 1628 2553 rerum
1666 2500 1969 2571 cognitioni
2014 2516 2179 2555 causa
2210 2501 2311 2556 est,
2381 2546 2382 2567 ἢ

435 2582 828 2646 cognoscatur,
889 2575 1062 2630 multo
1117 2577 1299 2633 minus
1354 2577 1495 2635 aliae
1552 2597 1667 2645 res,
1730 2598 1871 2652 quae
1926 2598 2123 2652 genere
2168 2579 2312 2635 hoece

435 2655 814 2726 explicantur,
855 2654 1096 2727 intelligi
1134 2655 1224 2710 vel
1262 2660 1515 2729 cognosci
1556 2664 1803 2729 possunt.

509 2734 648 2789 Cum
687 2752 815 2789 vero
853 2734 1014 2791 liberi
1052 2735 1226 2793 simus
1260 2754 1363 2792 nee
1400 2756 1503 2799 nos
1526 2756 1713 2795 eorum
1740 2739 2091 2811 opinionibus
2114 2738 2313 2795 devine-
2378 2784 2380 2809 ÷
