2432 3554
27 1313 60 1342 γ

1236 184 1313 240 62

929 345 1179 402 CAPUT
1230 344 1615 406 QUINTUM.

928 518 1006 560 DE}
1055 521 1160 560 Dm
1204 517 1619 560 Pnovmnmm.

403 664 713 720 Secundum
750 664 853 718 Dei
892 665 1219 720 attributum
1245 666 1391 736 quod
1418 665 1693 736 proprium
1734 665 1784 719 ei
1822 663 2077 727 dicimus,
2108 661 2246 734 ejus

328 744 686 799 Providentia
741 749 852 806 est,
919 761 1056 815 quae
1112 745 1256 814 apud
1296 761 1394 798 nos
1434 743 1573 799 nihil
1610 744 1761 800 aliud
1797 761 1959 814 quam
1998 749 2249 798 conatus

330 822 458 886 ille,
519 841 678 894 quem
735 823 793 876 in
849 826 966 876 tota
1021 827 1220 877 natura
1276 829 1333 879 et
1366 825 1619 880 omnibus
1657 825 1817 878 rebus
1855 822 2249 894 singularibus

329 904 556 958 tendere
613 901 860 958 videmus
911 902 979 956 ad
1019 919 1176 957 suum
1218 921 1335 958 esse
1372 905 1822 960 conservandum.
1896 902 2039 956 Nam
2078 919 2248 974 aper-

332 988 452 1038 tum
509 987 626 1045 est,
689 979 899 1036 nullam
954 997 1067 1036 rem
1124 987 1323 1038 natura
1362 1003 1459 1039 sua
1496 985 1564 1038 ad
1605 1002 1757 1039 suam
1796 983 1969 1055 ipsius
2010 983 2249 1036 tendere

335 1081 492 1134 posse
529 1062 954 1117 destructionem
976 1102 990 1125 ‚
1037 1062 1130 1116 sed
1170 1081 1198 1116 e
1236 1065 1511 1120 contrario
1551 1081 1661 1118 rem
1700 1079 1915 1118 omnem
1954 1063 2011 1116 in
2050 1079 2107 1116 se
2146 1079 2251 1116 eo—

335 1149 522 1198 natum
564 1143 758 1196 habere
798 1158 854 1196 se
889 1142 950 1196 in
987 1159 1104 1196 esse
1141 1160 1241 1197 suo
1266 1143 1624 1199 conservandi
1652 1147 1707 1196 et·
1739 1141 1807 1196 ad
1835 1140 2031 1194 melius
2057 1141 2251 1210 profe·

335 1224 512 1278 rendi.
571 1223 662 1277 Ita
701 1226 762 1276 ut
799 1239 893 1292 per
932 1221 1070 1276 hane
1108 1227 1349 1277 nostram
1374 1222 1797 1294 descriptionem
1824 1219 2249 1275 Providentiam

337 1320 603 1374 ponamus
641 1300 946 1373 generalem
985 1304 1040 1354 et
1078 1300 1429 1372 singularem.
1490 1301 1846 1356 Providentia
1864 1301 2129 1371 qeneralis
2153 1309 2255 1356 est

338 1381 469 1446 illa,
523 1399 618 1453 per
667 1397 828 1452 quam
867 1397 1113 1452 quaeque
1149 1397 1237 1434 res
1273 1380 1595 1452 producitur
1632 1385 1687 1434 et
1724 1384 2079 1435 conservatur
2115 1386 2250 1436 tan-

337 1480 502 1534 quam
544 1461 717 1516 totius
755 1464 982 1514 naturae
1021 1475 1176 1530 parm
1219 1464 1273 1514 et
1310 1460 1667 1516 Providentia
1700 1461 1985 1530 simularie
2022 1459 2117 1514 ille
2154 1465 2254 1516 est

339 1545 608 1603 eonatu3‚
665 1557 825 1611 quem
881 1556 1126 1610 quaeque
1182 1557 1269 1594 res
1324 1540 1487 1596 habet
1542 1540 1611 1594 ad
1669 1557 1828 1594 suum
1866 1557 1985 1594 esse
2022 1557 2251 1594 conser-

339 1620 616 1680 vandum,
677 1637 958 1693 quousque
1003 1637 1113 1675 non
1149 1625 1409 1692 tanquam
1450 1622 1623 1676 totius
1661 1626 1889 1675 naturae
1926 1637 2084 1692 pars,
2143 1621 2248 1676 sed

341 1703 601 1771 tanquam
639 1705 818 1754 totum
855 1702 1149 1770 spectetur.
1208 1700 1375 1759 Quod
1414 1701 1577 1756 hoece
1612 1700 1927 1756 illustratur
1962 1701 2253 1772 exemplo:

339 1782 528 1837 omnia
568 1799 760 1851 nempe
797 1780 1033 1836 hominis
1071 1781 1310 1835 membra
1346 1781 1618 1851 provideri
1658 1786 1716 1835 et
1750 1781 1931 1835 eut-ari
1958 1798 2254 1854 quousque

344 1861 580 1915 hominis
618 1865 800 1931 partes
825 1863 955 1915 sunt
973 1901 986 1919 ,
1027 1860 1299 1931 generalis
1324 1865 1407 1915 est
1432 1861 1817 1922 Providentia:
1860 1864 2090 1916 conatus
2116 1880 2256 1917 vero

340 1958 502 2011 quem
561 1940 812 2011 quodque
851 1938 1149 1994 membrum
1189 1940 1497 2012 singulare,
1552 1946 1813 2013 tanquam
1852 1945 2029 1996 totum
2066 1958 2255 2013 neque

345 2023 608 2091 tanquam
670 2019 904 2075 hominis
960 2036 1117 2089 pare,
1181 2020 1251 2073 ad
1305 2022 1731 2076 eonservandam
1772 2025 1828 2075 et
1866 2019 2251 2075 sustinendam

342 2117 498 2154 suam
542 2098 704 2154 habet
741 2099 1132 2162 valitudinem,
1177 2100 1473 2171 singularis
1510 2105 1595 2155 est
1630 2100 2003 2157 Providentia.

986 2544 1236 2600 CAPUT
1273 2544 1604 2601 SEXTUM.

883 2701 961 2740 m:
995 2701 1096 2741 mu
1129 2702 1719 2743 mnnnsmmuloun.

425 2828 611 2883 Tertia
647 2828 751 2883 Dei
795 2828 1096 2899 proprietas
1122 2832 1205 2883 est
1231 2828 1667 2885 Praedestinatio
1692 2829 1913 2893 divina:
1955 2834 2251 2903 antequam

351 2910 537 2963 tamen
576 2907 682 2963 hue
719 2908 1122 2979 perveniremus
1154 2908 1269 2979 jam
1306 2908 1828 2965 demonstravimus:
