2432 3554
295 236 362 276 IV
1007 237 1476 278 PRAEFATIO.

297 435 608 493 etiamnum
651 438 838 492 extare
857 479 872 504 ,
917 434 1024 492 etsi
1051 434 1274 492 culmen
1305 433 1507 492 domus
1536 433 1734 511 periit3
1778 433 1991 492 ibidem
2020 453 2190 510 porro

293 523 332 581 l.
381 527 412 581 8
459 529 516 580 et
555 530 584 594 ἓ
622 527 676 582 3.
708 523 753 582 l.
787 527 839 582 6.
870 523 1050 600 ipsius
1081 524 1353 599 Spinozae
1383 524 1466 598 (in
1494 522 1871 582 Grammatica
1902 522 2189 598 Hebraea)

299 614 559 692 exemplo
600 633 704 691 pro
749 615 1040 688 Portuyali
1083 619 1138 671 et
1177 615 1542 688 Portuqensis
1581 614 1773 690 legant
1804 614 2191 670 Lusitanorum

295 709 350 762 et
377 705 716 772 Lusitamae;
760 703 820 760 in
849 703 1044 761 eadem
1075 709 1103 774 ξ
1129 707 1192 773 3,
1224 703 1284 760 in
1312 705 1681 761 anathematis
1711 701 1960 761 versione
1988 701 2191 759 Latina

295 796 374 869 (p.
422 796 536 850 291
581 793 622 851 l.
669 793 787 864 7.),
829 791 1175 868 superfluum
1220 792 1443 850 deleant
1486 796 1630 866 ejus,
1674 799 1729 850 et
1772 791 2050 866 corrigant
2091 789 2189 848 de·

295 882 468 958 nique
532 888 560 952 §
611 885 666 939 4.
716 881 756 938 1.
811 884 884 938 13
943 881 1141 938 vitium
1197 882 1665 959 typographicum
1729 884 2087 940 Collectanten
2129 878 2192 936 in

301 972 690 1046 Colleqianten.

374 1062 463 1117 De
507 1059 678 1117 variis
720 1057 888 1116 rebus
918 1077 988 1115 ex
1015 1057 1247 1116 ineditis
1276 1059 1531 1136 epistolis
1560 1057 1785 1136 vitaque
1814 1057 2193 1134 manuscripta

297 1147 461 1206 nobis
501 1146 1011 1218 innotescentibus,
1068 1148 1327 1224 pluribus
1360 1143 1458 1206 hic
1500 1166 1664 1222 agere
1709 1165 1821 1203 non
1865 1166 2007 1223 opus
2050 1145 2188 1215 erit,

295 1256 422 1294 cum
465 1236 667 1294 iisdem
708 1235 768 1292 in
811 1235 1183 1294 Collectaneis
1224 1237 1514 1312 speciatim
1557 1243 1877 1295 tractentur.
1936 1237 2025 1293 De
2065 1237 2192 1312 ipsa

295 1344 426 1382 vero
492 1324 764 1400 Spinozae
820 1325 1178 1401 philosophia
1221 1325 1455 1403 ejusque
1498 1327 1606 1398 (uti
1647 1325 1893 1398 videtur)
1936 1326 2191 1383 nondum

296 1414 430 1472 satis
465 1420 758 1492 perspecta
783 1415 976 1473 indole
1005 1414 1250 1490 genuina
1278 1413 1301 1452 ¹
1322 1461 1338 1484 ,
1382 1435 1509 1473 cum
1538 1414 1832 1491 principiis
1861 1413 2191 1491 praesertim

295 1503 706 1580 philosophicis
777 1503 1066 1561 hodiernis
1128 1504 1361 1572 collata,
1436 1503 1621 1561 fusius
1686 1503 1913 1560 omnino
1978 1503 2067 1578 egi
2130 1501 2191 1559 in

293 1592 440 1650 libro
496 1611 624 1650 meo
687 1594 916 1650 Baruch
976 1591 1309 1666 d’E'spinoza
1322 1620 1344 1660 ;
1414 1594 1527 1666 zzjn
1591 1595 1739 1650 leven
1780 1611 1847 1650 en
1886 1593 2155 1664 sckrvflen
2170 1637 2185 1659 ,

294 1685 354 1739 in
415 1683 650 1739 veo-band
705 1686 815 1738 met
882 1682 1060 1754 eiiam
1123 1699 1184 1738 en
1249 1700 1413 1738 omen
1456 1681 1566 1755 25in
1580 1727 1593 1750 ,
1659 1680 1828 1738 simul
1872 1700 1999 1738 cum
2042 1679 2185 1755 Sup-

296 1770 584 1849 plemento
648 1771 818 1829 hocce
878 1769 938 1828 in
999 1770 1182 1829 lucem
1238 1767 1571 1846 prodeunte.
1657 1770 1845 1847 Quare
1888 1767 2055 1827 verbo
2098 1767 2190 1827 hic

296 1867 515 1918 tantum
578 1860 907 1927 addendum
969 1860 1316 1937 Spinozam‚¹
1357 1876 1447 1915 me
1497 1856 1720 1933 judice,
1789 1858 1889 1935 qui
1921 1858 2039 1933 jam
2083 1858 2188 1916 du-

296 1956 486 2007 centos
549 1950 664 2007 fere
727 1954 856 2007 ante
917 1968 1091 2006 annos
1154 1948 1343 2007 Deum
1396 1947 1523 2025 (qui
1565 1947 1795 2023 dicitur)
1836 1947 2191 2023 personalem

297 2056 604 2115 causasque
650 2040 818 2115 (quae
861 2037 1149 2110 dicuntur)
1195 2036 1391 2093 finales
1433 2035 1749 2113 abrogavit,
1795 2035 1865 2093 ab
1908 2035 1978 2093 iis
2020 2034 2190 2093 nimis

295 2127 452 2204 parvi
515 2127 828 2197 aestimari,
888 2128 987 2205 qui
1043 2146 1171 2185 cum
1214 2125 1563 2201 Dogmaticis
1604 2130 1757 2183 ante·
1760 2124 2059 2183 Kantianis
2100 2125 2190 2202 ip-

280 2235 420 2275 ¹sum
464 2217 805 2275 confundere
849 2217 1082 2274 soleant.
1141 2214 1463 2291 Dogmatici
1502 2215 1743 2291 speciem
1785 2234 1919 2292 prae
1961 2234 2019 2271 se
2047 2214 2191 2271 ferre

296 2304 529 2363 fortasse
593 2306 843 2375 videtur,
914 2324 1016 2363 nec
1072 2324 1200 2363 vero
1242 2302 1367 2361 fuit.
1455 2304 1677 2361 Nomen
1719 2302 1829 2360 Dei
1868 2280 2191 2371 retinendo,

297 2394 434 2451 dum
496 2394 676 2472 ipsius
741 2394 850 2452 Dei
890 2413 1187 2471 personam
1232 2398 1288 2450 et
1329 2392 1705 2451 characterem
1747 2391 2027 2461 aboleret,
2083 2391 2190 2449 fal-

301 2502 418 2539 sam
476 2482 870 2559 philosophiae
912 2503 1046 2541 suae
1087 2483 1271 2540 ideam
1316 2480 1763 2557 superficialibus
1806 2480 1923 2539 suis
1965 2481 2190 2539 lectori-

298 2569 404 2628 bus
447 2570 580 2629 dare
624 2569 838 2629 debuit.
899 2571 1014 2647 Qui
1057 2590 1186 2629 vero
1230 2570 1302 2629 ad
1343 2590 1459 2627 rem
1503 2571 1684 2647 ipsam
1725 2576 2045 2647 penetrare,
2089 2588 2193 2629 nec

299 2679 425 2717 cum
489 2659 657 2717 rebus
720 2659 948 2717 nomina
1005 2659 1347 2719 confundere
1389 2658 1573 2729 soliti,
1638 2679 1826 2717 veram
1865 2658 2193 2737 philosophi

299 2750 532 2826 ejusque
576 2748 863 2807 doctrinae
904 2748 1156 2807 indolem
1198 2767 1534 2823 cognoscere
1577 2747 1868 2818 studeant,
1934 2766 2051 2805 suo-
2072 2748 2190 2823 jam

299 2843 550 2915 tempore
579 2858 710 2896 eum
739 2837 875 2895 illuc
902 2837 1226 2914 pervenisse
1256 2835 1557 2907 videbunt,
1604 2856 1717 2915 quo
1744 2841 1933 2894 nostra
1960 2836 2189 2894 demum

267 3038 280 3057 ’
357 3042 380 3087 1
421 3039 490 3086 Eo
522 3038 743 3099 imprimis
755 3074 770 3096 ,
801 3038 918 3097 quod
937 3038 1034 3083 viro
1052 3040 1180 3097 cuius
1199 3036 1451 3084 universum
1468 3043 1593 3084 motu
1610 3037 1789 3096 vitaque
1804 3036 1993 3083 infinitis
2009 3037 2171 3097 gaudet
2183 3074 2198 3096 ,

295 3118 514 3158 mortuam
549 3110 679 3169 quasi
699 3108 892 3169 quietem
909 3108 1148 3155 obtrudere
1164 3108 1311 3155 solent
1327 3108 1524 3169 ipsorum
1540 3115 1716 3156 tantum
1735 3108 1963 3170 opinionis
1980 3109 2201 3155 abortum.
