2432 3554
1301 153 1421 210 284

415 334 511 388 per
533 316 778 371 umbram
799 315 1032 386 desuper
1051 313 1431 386 procedentem
1446 355 1461 376 ,
1486 317 1543 366 et
1560 309 1841 366 minimam
1860 307 2166 381 superiorem
2178 305 2259 360 Iri-

409 396 566 461 dem,
605 395 664 450 in
701 395 970 466 parvitate
1009 411 1108 448 sua
1133 393 1553 448 determinatam
1579 409 1674 462 per
1703 391 1947 446 umbram
1967 387 2252 444 inferiorem·

479 555 778 625 Tamquam
816 553 1157 608 resi-aetionis
1195 553 1337 607 ratio
1362 551 1505 605 enim
1533 551 1592 605 in
1617 547 2029 622 quaestionibus
2052 543 2255 600 include·

413 628 572 688 batur
609 639 664 688 et
690 652 785 705 per
817 633 1091 704 Algebrae
1119 633 1473 704 sagacitatem
1500 633 1555 684 et
1580 629 1805 684 Domini
1831 627 2033 682 Hudde
2055 623 2257 696 regulam

408 714 792 770 inveniebatur
830 713 982 768 sinus
1020 731 1178 768 arcus
1215 711 1271 766 K
1308 713 1355 766 B
1393 711 1661 764 maximus
1698 712 1754 762 et
1782 724 1970 762 rursus
1995 703 2257 761 arcusBL

410 792 700 854 minimu8‚
759 792 874 846 sive
915 791 1170 845 minimus
1209 792 1585 860 maximusque
1624 788 1777 843 sinus
1814 804 2000 841 eorum
2039 799 2255 843 arcuum:

415 871 559 926 unde
616 870 780 942 hujus
837 870 970 925 artis
1009 871 1290 925 studiosus
1328 887 1487 924 arcus
1526 871 1685 924 hosce
1724 870 1783 924 in
1819 868 2011 924 charta
2048 863 2257 920 determi-

411 970 549 1006 nans
568 991 587 1017 ,
645 949 876 1022 inquirit
932 967 1166 1022 quanam
1225 949 1521 1005 altitudine
1558 949 1698 1005 coeli
1734 948 1844 1004 Iris
1882 947 2117 1002 maxima
2154 944 2258 998 infe·

411 1033 521 1088 rior
557 1032 908 1103 superiorque
949 1029 1170 1084 minima
1207 1047 1265 1084 se
1302 1031 1614 1085 ostendant.

479 1347 560 1401 At
596 1346 724 1419 quia
762 1347 917 1417 parvi
955 1346 1128 1401 nostri
1169 1345 1369 1401 laboris
1405 1346 1562 1401 illum
1600 1346 1835 1401 fructum
1874 1343 2183 1403 habuimus,
2213 1343 2254 1392 ut

411 1425 577 1496 hujus
617 1425 819 1480 solutio
857 1426 1012 1481 nobis
1050 1425 1118 1480 ab
1143 1427 1319 1481 amica
1346 1445 1508 1480 manu
1533 1425 1877 1498 provenerit,
1921 1443 2099 1497 neque
2122 1427 2246 1478 tamen

407 1505 479 1560 ab
536 1524 646 1560 una
699 1509 854 1577 parte
908 1505 1144 1560 novitios
1201 1506 1364 1560 nimis
1406 1523 1633 1577 gravare
1668 1505 1976 1570 vellemus,
2038 1504 2105 1559 ab
2134 1501 2249 1557 altera

409 1589 564 1657 parte
602 1585 858 1640 lectorem
896 1585 1130 1655 peritum
1168 1583 1531 1640 delectatione
1571 1586 1783 1656 privare
1809 1583 2105 1647 nolumus,
2142 1577 2253 1649 huius

408 1665 754 1738 pluriumque
793 1663 1022 1720 aliarum
1052 1665 1467 1736 quaestionum,
1506 1683 1642 1736 quas
1667 1663 1973 1735 adjungere
2002 1675 2257 1735 possemus,

409 1763 504 1817 per
540 1745 758 1801 tabulas
795 1744 1194 1818 gonometrioas
1232 1762 1523 1817 earumque
1552 1743 1947 1817 Logarithmos
1973 1744 2123 1817 ipsos
2143 1755 2261 1815 quae·

410 1827 566 1882 rendi
600 1826 1049 1897 inveniendique.

1183 2418 1535 2459 -οοωηκ-
