2432 3554
1068 184 1184 240 337

175 345 338 400 modo
371 346 430 399 in
471 346 554 401 his
589 345 660 400 ab
698 361 879 400 errore
917 345 1170 399 inmunes
1207 361 1307 399 nos
1334 347 1591 418 praestes.
1632 344 1851 404 Veluti,
1892 362 2069 400 exem·

175 425 254 497 pli
309 425 522 496 gratia,
573 425 829 497 quoniam
881 424 1016 494 radij
1055 424 1186 479 solis
1226 442 1320 495 per
1358 425 1623 478 fenestras
1659 425 1861 479 vitreas
1897 430 2073 480 trans-

173 505 328 560 missi
381 505 577 560 oculos
631 504 1040 576 perstringunt,
1100 504 1229 558 hinc
1278 508 1429 558 certo
1477 504 1793 567 concludis„
1864 505 2067 561 vitrum

171 584 324 655 poris
371 584 625 654 pervium
676 601 820 644 esse:
882 599 982 637 nec
1030 583 1319 655 quisquam
1372 585 1483 637 fere
1530 585 1635 638 erit
1682 583 1774 638 cui
1822 602 1929 638 non
1967 585 2069 641 hoc

171 665 320 720 idem
360 665 717 734 persuadeas,
759 663 1002 734 adeoque
1041 663 1339 718 secundnm
1380 663 1629 734 regulam
1660 667 1811 718 tuam
1837 664 1937 720 hoc
1955 665 2071 736 jam

170 763 364 800 verum
403 747 524 802 erit.
578 744 688 814 Ajo
725 748 910 798 tamen
948 745 1392 815 consequentiam
1433 742 1582 797 illam
1622 761 1961 815 nequaqnam
1999 744 2073 798 le·

184 827 436 897 gitimam
477 829 576 880 aut
612 825 970 880 necessariam
1009 841 1154 885 esse,
1199 841 1321 878 cum
1358 825 1520 876 etiam
1549 822 1751 894 absque
1778 825 1906 878 vitri
1932 826 2079 894 poris

175 905 276 960 ille
329 905 470 959 lucis
519 905 742 960 effectus
787 903 992 974 optime
1039 895 1300 972 explicari
1355 903 1549 972 possit.
1624 902 1744 956 Etsi
1783 919 1892 958 non
1931 921 2069 975 nego

168 985 320 1039 vitro
359 1002 517 1055 poros
555 985 764 1044 inesse.
808 1001 930 1038 cum
970 983 1027 1038 id
1053 982 1173 1052 alijs
1197 983 1537 1053 argumentis
1564 983 1837 1054 probetur.
1900 983 2071 1038 Porro

171 1063 476 1135 specimina
528 1063 768 1118 methodi
819 1067 948 1116 tuae
997 1080 1106 1133 qua
1152 1063 1436 1118 existimas
1499 1064 1682 1118 omnia
1734 1063 2069 1134 problemata

171 1145 546 1216 geometrica,
601 1143 946 1204 mechanica,
991 1142 1215 1214 physica
1252 1143 1487 1205 resolvi,
1527 1161 1591 1196 ea
1628 1143 1823 1196 vellem
1861 1160 2079 1198 accura-

177 1225 298 1278 tius
349 1227 658 1280 tractasses.
733 1223 914 1278 Doces
965 1223 1109 1277 enim
1159 1225 1373 1275 tantum
1420 1239 1557 1292 quae
1594 1221 1663 1275 ad
1701 1222 2082 1277 inveniendam

174 1303 516 1360 solutionem
553 1302 1143 1358 demonstrationemve
1181 1302 1503 1371 adjumento
1540 1319 1657 1356 esse
1694 1303 1931 1372 possint:
1988 1305 2079 1358 de-

169 1384 636 1440 monstrationem
663 1380 870 1436 nullam
891 1425 904 1444 ,
947 1399 1087 1454 quae
1113 1382 1500 1438 certitudinem
1528 1382 1961 1438 mathematicam
1990 1385 2082 1438 ha-

167 1465 338 1521 beat,
411 1461 658 1518 adducis.
729 1460 798 1516 In
837 1479 946 1532 quo
983 1468 1167 1516 tamen
1205 1464 1500 1534 praecipua
1536 1470 1621 1517 est
1656 1463 1947 1518 difficultas
1950 1504 2083 1524 .......

171 1543 454 1615 profiteris
492 1541 712 1612 quidem
753 1545 806 1596 te
845 1557 1108 1594 summam
1149 1557 1339 1597 curam
1376 1560 1485 1597 non
1526 1542 1839 1597 adhibuisse
1876 1543 2085 1598 solven-

165 1625 256 1679 dis
299 1623 384 1676 his
429 1639 570 1692 quae
608 1619 768 1674 affers
809 1619 1257 1690 problematibus·
1312 1623 1419 1678 Sed
1457 1639 1579 1676 cum
1619 1623 1755 1677 adeo
1791 1623 1985 1678 leviter
2020 1642 2084 1679 ea

167 1700 516 1760 transvoles,
559 1698 831 1770 quomodo
869 1715 1074 1769 quaeso
1109 1700 1353 1756 methodi
1393 1709 1518 1757 tuae
1557 1701 1771 1757 utilitas
1810 1703 1937 1758 hinc
1966 1703 2081 1758 elu-

167 1787 358 1841 cescet
369 1782 472 1844 ?.‚..
513 1780 680 1841 Quod
701 1780 966 1850 Physices
984 1777 1229 1833 studium
1244 1822 1257 1845 ‚
1286 1786 1354 1835 nt
1369 1781 1610 1835 omnium
1625 1779 2085 1849 jucundissimum

173 1862 410 1925 laudas,
439 1861 602 1931 plane
627 1866 808 1915 tecum
837 1858 1046 1919 sentio:
1081 1860 1173 1913 sed
1201 1861 1398 1924 miror,
1428 1861 1699 1932 quomodo
1723 1862 1802 1915 ita
1830 1862 2081 1917 methodo

168 1949 306 2001 tuae
360 1940 636 2003 confidas,
693 1942 756 1993 ut
807 1938 947 1994 nihil
997 1954 1107 1993 non
1155 1939 1214 1994 in
1255 1941 1359 1995 hoc
1394 1940 1656 1995 scientiae
1688 1941 1801 2011 jam
1839 1945 2083 2012 pervium

177 2021 640 2094 exploratumque
695 2020 812 2073 fore
861 2018 1204 2089 pollicearis:
1270 2021 1407 2075 adeo
1458 2024 1519 2074 ut
1562 2020 1677 2091 jam
1728 2023 1994 2091 magnetis
2030 2026 2087 2077 et

173 2102 400 2159 succini
453 2099 871 2163 attractionem,
927 2102 1114 2151 aestus
1161 2101 1357 2155 marini
1394 2117 1623 2159 causas.
1672 2098 1811 2155 lucis
1850 2105 2087 2171 sympto-

173 2190 332 2239 mata
382 2181 566 2237 omnia
617 2185 783 2251 atque
839 2179 1128 2234 innumera
1186 2179 1499 2248 hujusmodi
1540 2179 1737 2249 exiguo
1778 2178 1958 2233 labore
1994 2198 2086 2235 ex·

176 2263 393 2336 plicata
442 2260 688 2315 habituri
743 2261 946 2322 simus,
990 2260 1046 2313 in
1085 2258 1287 2329 quibus
1324 2276 1427 2329 ego
1463 2262 1645 2313 tamen
1682 2276 1945 2313 summam
1983 2260 2088 2315 dif-

171 2342 484 2401 ficultatem
530 2344 734 2393 restare
791 2338 1075 2404 existimo,
1127 2353 1227 2391 nec
1276 2336 1439 2391 aliter
1476 2352 1593 2389 eam
1637 2352 1889 2407 superare
1926 2354 2084 2407 posse

177 2438 350 2495 quam
407 2420 476 2473 ab
533 2420 920 2489 experimentis
970 2417 1285 2489 incipiendo
1334 2416 1467 2485 (hoc
1516 2421 1697 2469 autem
1736 2420 1793 2470 et
1828 2416 1931 2469 tibi
1968 2434 2087 2487 pro-

180 2501 306 2562 bari
347 2499 568 2568 video).
625 2498 824 2553 deinde
863 2497 1190 2569 hypotheses
1226 2496 1487 2567 quasdam
1526 2495 1985 2551 comminiscendo
2022 2497 2092 2551 ad

183 2598 330 2655 quas
365 2580 747 2649 ,experimenta
785 2578 1192 2649 expendantur:
1250 2592 1359 2645 qua
1397 2576 1452 2628 in
1490 2592 1549 2627 re
1586 2575 1804 2646 egregia
1842 2576 1972 2629 mihi
2010 2578 2091 2631 vi·

183 2665 356 2727 detur
397 2656 699 2727 Verulamij
747 2658 1063 2721 methodus,
1119 2660 1176 2709 et
1226 2671 1365 2725 quae
1403 2652 1639 2723 amplius
1676 2654 1851 2709 excoli
1890 2672 2090 2710 merea-

182 2748 296 2797 tur.
371 2738 476 2791 Sed
517 2738 596 2791 ita
633 2752 848 2807 quoque
887 2754 1214 2807 permagnus
1253 2736 1409 2790 labor
1451 2740 1730 2805 superest,
1773 2754 1873 2791 nec
1910 2736 2085 2791 solum

185 2818 494 2889 sagacitate
534 2814 738 2885 insigni
779 2832 948 2885 opus,
992 2816 1087 2869 sed
1127 2834 1287 2887 saepe
1324 2821 1382 2871 et
1419 2813 1682 2870 felicitate
1719 2815 1921 2887 aliqua.

263 2897 440 2951 Porro
497 2893 553 2948 in
611 2893 696 2949 his
755 2912 892 2965 quae
943 2896 1080 2949 scire
1129 2896 1326 2951 vellem
1382 2894 1581 2968 quibus
1635 2896 1939 2951 rationibus
1988 2897 2090 2952 tibi

193 2977 573 3055 persuasorie,
614 2979 907 3048 praecipua
945 2982 1074 3031 sunt
1109 2977 1235 3032 ista.
1305 2976 1471 3036 Quod
1508 2976 1565 3030 in
1604 2976 1826 3045 physica
1862 2978 2091 3032 scientia

196 3059 504 3117 clarissime
553 3057 810 3129 cognosci
869 3058 952 3111 vis
991 3062 1186 3111 terram
1228 3074 1345 3111 esse
1384 3056 1695 3127 perituram.
1768 3056 1932 3115 Quod
1968 3057 2087 3111 infl-

1382 3156 1413 3169 r
1810 3142 1883 3195 :22
