2432 3554
1290 227 1404 283 120

400 385 544 458 quod
584 385 739 442 nobis
778 402 887 441 non
924 389 1183 456 prosunt,
1245 388 1354 442 imo
1393 387 1548 444 nobis
1588 391 1816 451 noeent;
1867 389 2102 446 diximus
2135 389 2256 444 enim

400 467 467 519 de
524 481 735 530 amore,
792 483 919 520 eum
974 483 1093 520 esse
1146 467 1403 523 unionem
1444 485 1566 526 cum
1605 467 1818 540 objecto
1854 469 2000 541 quod
2042 468 2258 524 intellec-

400 549 491 600 tus
546 549 729 601 noster
778 545 977 600 bonum
1016 547 1472 620 magnificumque
1502 547 1752 618 judicati
1807 565 1917 621 qua
1961 549 2156 604 unione
2193 555 2260 602 ta-

402 625 507 680 lem
563 624 953 697 intelligimus,
1016 643 1123 697 qua
1180 643 1330 682 amor
1379 631 1436 683 et
1489 645 1574 684 res
1631 632 1810 684 amata
1848 647 1958 684 una
1995 630 2263 700 eademque

400 705 534 760 fiant
584 723 699 769 reS,
768 706 883 761 sive
936 706 1093 760 ambo
1148 725 1318 762 unum
1375 711 1554 763 totum
1613 707 1866 765 efficiant.
1942 709 2136 764 Nonne
2179 708 2263 764 ille

399 785 569 856 igitur
626 803 750 840 vere
791 785 1111 842 miserabilis
1148 791 1234 842 est
1269 787 1432 843 rebus
1469 788 1560 860 qui
1602 787 1882 843 nonnullis
1919 787 2262 860 corruptibili·

404 862 505 918 bus
544 865 769 919 unitur?
808 865 967 924 Quae
1006 865 1181 931 enim,
1226 883 1348 922 cum
1376 872 1532 923 extra
1555 868 1674 938 ejus
1699 869 2030 940 potentiam,
2073 867 2262 922 multis·

399 961 503 1016 que
528 943 875 1016 passionibus
900 944 1134 1000 obnoxia
1160 947 1305 1010 sint,
1331 945 1551 1016 quando
1575 947 1893 1018 patiuntur,
1922 947 2036 1001 fieri
2062 948 2257 1018 nequit,

401 1026 464 1078 ut
501 1023 616 1095 ipse
648 1025 899 1096 passione
924 1023 1185 1080 liberatus
1212 1029 1444 1083 maneat.
1481 1026 1850 1086 Quamobrem
1875 1025 2257 1082 concludimus,

398 1103 617 1174 quando
665 1102 750 1158 illi
788 1103 881 1175 qui
919 1119 1003 1158 res
1041 1104 1422 1178 corruptibiles
1459 1109 1646 1161 amant
1682 1105 1955 1178 quandam
1991 1107 2162 1161 adhuc
2193 1120 2261 1158 es-

398 1183 629 1237 sentiam
684 1182 969 1248 habenteS,
1032 1183 1367 1241 miserabiles
1422 1189 1585 1252 sunt,
1643 1202 1804 1258 quam
1845 1185 2170 1241 miserabiles
2201 1184 2260 1248 ii,

398 1262 492 1334 qui
530 1261 814 1326 honorem,
874 1265 1123 1329 divitiae,
1164 1271 1222 1321 et
1257 1265 1568 1335 voluptates
1606 1264 1813 1320 nullam
1851 1266 2072 1322 omnino
2105 1279 2262 1320 essen·

398 1342 531 1396 tiam
571 1342 860 1406 habentes,
901 1345 1117 1399 amant!

472 1499 597 1556 Hoc
658 1501 828 1572 igitur
875 1501 1033 1557 nobis
1070 1501 1304 1558 sufficiat
1341 1501 1409 1556 ad
1447 1501 1965 1567 demonstrandum,
2021 1502 2262 1557 rationem

402 1595 501 1634 nos
526 1579 803 1635 adhortari
830 1579 987 1635 rebus
1012 1581 1460 1652 corruptibilibus
1488 1585 1550 1637 ut
1573 1582 1986 1644 renunciemus:
2029 1583 2096 1637 iis
2117 1581 2260 1640 enim,

400 1675 537 1731 quae
570 1659 683 1730 jam
721 1659 987 1725 diximuS,
1029 1661 1175 1717 clare
1210 1661 1522 1718 ostenditur
1558 1679 1826 1717 venenum
1866 1662 1980 1718 sive
2005 1661 2193 1716 malum
2215 1659 2264 1712 in

401 1755 585 1795 eorum
641 1757 821 1795 amore
878 1741 1050 1796 situm
1080 1742 1388 1799 celatumve
1426 1757 1558 1801 esse.
1619 1741 1786 1803 Quod
1823 1757 1954 1797 vero
1997 1743 2155 1797 etiam
2195 1740 2266 1794 in·

400 1820 835 1892 comparabiliter
875 1820 1077 1877 clarius
1111 1821 1363 1877 videmus
1374 1860 1393 1887 ,
1433 1821 1929 1877 animadvertentes
1955 1840 2112 1894 quam
2131 1834 2264 1891 mag·

400 1899 621 1955 nificum
690 1904 747 1956 et
818 1901 1167 1973 praecipuum
1243 1902 1444 1956 bonum
1506 1918 1691 1957 eorum
1756 1901 2015 1957 fruitione
2074 1900 2265 1957 amitta-

402 1996 536 2037 mus,

470 2146 654 2202 Antea
690 2144 957 2211 diximus,
997 2164 1082 2203 res
1119 2166 1258 2221 quae
1295 2146 1680 2220 corruptibiles
1717 2150 1846 2202 sunt
1872 2150 2027 2202 extra
2051 2146 2265 2201 nostram

400 2226 699 2298 potentiam
725 2244 874 2290 esse:
916 2231 979 2282 ut
1002 2244 1131 2283 vero
1158 2227 1293 2283 bene
1319 2227 1720 2300 intelligamur,
1760 2227 1909 2283 hisce
1935 2227 2110 2282 dicere
2130 2222 2268 2279 nolu-

400 2322 519 2361 mus
554 2323 655 2361 nos
691 2304 964 2379 quandam
1001 2324 1223 2363 causam
1261 2307 1516 2372 liberam,
1557 2326 1590 2363 a
1625 2304 1782 2362 nullo
1820 2306 1930 2362 alio
1965 2306 2266 2379 pendentem
2377 2320 2379 2383 ζ

400 2402 535 2439 esse.
576 2384 687 2441 Ubi
725 2385 868 2441 enim
907 2386 1172 2454 dicimus,
1212 2388 1478 2461 quaedam
1516 2386 1574 2442 in
1611 2390 1884 2459 potestate
1922 2390 2139 2449 nostra,
2176 2381 2269 2437 alia

402 2481 532 2519 vero
590 2471 745 2520 extra
799 2467 1099 2537 potentiam
1156 2473 1397 2523 nostram
1435 2484 1585 2531 esse,
1647 2467 1716 2521 iis
1753 2482 1890 2539 quae
1927 2468 1987 2521 in
2021 2466 2268 2538 potestate

398 2548 585 2601 nostra
622 2549 753 2600 sunt
790 2564 853 2600 ea
890 2546 1283 2619 intelligimus,
1327 2564 1466 2619 quae
1503 2546 1764 2602 efficimus
1801 2546 1992 2601 ordine
2031 2547 2140 2600 sive
2163 2560 2271 2599 con·

397 2624 639 2694 junctim
677 2640 799 2679 eum
838 2631 1036 2680 natura
1073 2626 1232 2696 cujus
1271 2642 1396 2697 pars
1422 2642 1642 2687 sumus:
1683 2624 1752 2680 iis
1777 2642 1936 2690 vero,
1975 2642 2112 2696 quae
2135 2628 2270 2697 extra

400 2708 727 2775 potestatem
770 2708 1010 2759 nostram
1050 2708 1209 2769 sunt,
1253 2722 1317 2759 ea
1352 2722 1522 2777 quae,
1562 2705 1763 2777 quippe
1801 2709 1956 2761 extra
1981 2722 2107 2769 noe,
2148 2698 2268 2758 nulli

402 2800 433 2838 a
472 2783 629 2838 nobis
668 2784 960 2839 mutationi
998 2783 1235 2839 obnoxia
1273 2790 1434 2850 sunt,
1480 2801 1605 2842 cum
1641 2782 1832 2857 procul
1870 2784 2090 2839 omnino
2115 2782 2268 2838 abes·

408 2866 587 2918 sentia
626 2868 813 2920 nostra
850 2864 1019 2929 reali,
1061 2869 1258 2920 natura
1295 2866 1375 2920 ita
1411 2864 1747 2929 constituta,
1788 2862 1985 2921 absint.

438 3090 755 3146 Transimus
806 3092 919 3162 jam
976 3096 1043 3148 ad
1100 3094 1399 3149 seeundum
1456 3094 1795 3165 objectorum
1849 3106 2054 3167 genus,
2113 3106 2259 3165 quae,
