2432 3554
1246 209 1281 264 6

522 367 603 425 IL
675 369 726 424 A
749 369 1063 437 posteriori.-

385 447 446 504 si
485 447 645 502 homo
683 447 788 502 Dei
827 448 1006 502 ideam
1045 446 1245 513 habet,
1282 446 1435 502 Dens
1468 451 1507 517 ¹)
1544 447 1845 503 formaliter
1880 464 2000 503 esse
2024 446 2209 502 debet.

314 529 496 586 Homo
532 531 716 583 autem
755 527 920 583 habet
953 527 1060 583 Dei
1097 527 1295 582 ideam.
1373 527 1514 598 E'rqo
1548 556 1619 568 —-

381 767 614 824 Primum
665 765 767 822 hac
803 766 1016 822 ratione
1053 765 1520 824 demonstramus:
1586 768 1645 824 Si
1682 767 1789 824 Dei
1823 765 1948 822 idea
1984 767 2209 832 existit,

311 847 434 919 ejus
470 863 636 902 causa
673 845 977 902 formaliter
1012 863 1132 903 esse
1168 846 1365 914 debet,
1405 854 1463 903 et
1496 848 1557 904 in
1596 866 1653 904 se
1690 848 1971 904 contineat
1996 851 2214 919 oportet

312 945 473 982 omne
529 926 676 998 quod
727 925 853 981 idea
909 926 1006 982 illa
1062 926 1334 998 objective
1370 927 1553 985 habet.
1622 928 1730 984 Sed
1767 927 1872 984 Dei
1907 927 2034 983 idea
2068 927 2213 982 exis-

310 1007 398 1065 tit.
469 1005 617 1076 Erqo
649 1036 722 1046 —

380 1243 475 1300 Ad
528 1242 799 1313 Majorem
856 1241 1020 1314 hujus
1074 1243 1338 1314 postremi
1393 1242 1698 1316 syllogismi
1735 1243 2215 1299 demonstrandam

310 1326 603 1396 sequentes
641 1322 893 1392 ponimus
931 1321 1181 1394 regulas:

384 1405 439 1458 l.
516 1402 630 1457 Res
667 1401 1066 1473 cognoscibiles
1103 1407 1221 1457 este
1256 1402 1518 1458 infinitas.

385 1485 434 1540 2.
507 1481 862 1540 Intellectum
882 1483 1100 1538 finitum
1125 1482 1405 1538 infinitum
1431 1482 1887 1556 comprehendere
1911 1499 2022 1538 non
2040 1499 2217 1554 posse.

383 1644 438 1697 3.
514 1640 869 1698 Intellectum
924 1642 1141 1698 finitum
1180 1661 1213 1698 a
1251 1660 1308 1698 se
1346 1643 1495 1715 ipso,
1548 1642 1656 1698 nisi
1694 1642 1763 1699 ab
1800 1642 1985 1717 aliqua
2023 1660 2080 1698 re
2117 1661 2214 1698 ex-

313 1726 471 1780 terna
525 1721 950 1787 determinetur,
1011 1722 1092 1779 nil
1145 1739 1304 1795 posse
1359 1722 1700 1795 intelligere;
1760 1725 1921 1798 quia,
1980 1723 2063 1781 uti
2101 1741 2216 1781 non

313 1802 512 1858 habeat
565 1802 866 1874 potentiam
915 1803 1100 1858 omnia
1146 1802 1727 1877 simulintelligendi,
1768 1806 1849 1861 sic
1888 1820 1986 1861 nec
2022 1809 2215 1876 poten-

369 2028 420 2085 1)
467 2024 537 2073 Ex
585 2023 908 2087 descriptione,
964 2038 1077 2084 quse
1123 2022 1172 2071 in
1221 2024 1333 2086 Cap.
1382 2026 1413 2071 2
1460 2024 1679 2085 sequitur,
1734 2023 1855 2084 quod
1900 2026 2023 2073 Dens
2054 2024 2221 2073 habeat

309 2096 528 2145 attributa
559 2095 760 2152 infinita,
793 2096 1075 2144 existentiam
1107 2098 1206 2157 ejus
1238 2096 1303 2143 ita
1335 2094 1641 2143 demonstrare
1673 2110 1932 2157 possumus:

368 2238 516 2285 Omne
547 2235 667 2296 qnod
697 2236 816 2283 clare
847 2242 893 2283 et
925 2236 1138 2283 distincte
1169 2236 1367 2284 videmus
1398 2235 1624 2296 pertinere
1655 2234 1712 2282 ad
1742 2250 1834 2281 rem
1866 2234 2057 2294 aliquam
2071 2271 2085 2292 ,
2112 2248 2221 2282 vere

304 2310 359 2358 de
389 2308 469 2356 illa
500 2323 549 2353 re
579 2308 798 2354 affirmare
829 2322 1082 2368 possumne.
1127 2306 1214 2355 sed
1240 2306 1297 2355 ad
1324 2312 1529 2354 naturam
1554 2305 1698 2366 entis,
1730 2306 1848 2365 quod
1876 2304 2009 2353 habet
2036 2304 2221 2353 infinita

309 2379 555 2436 attributa,
585 2376 781 2439 pertinet
813 2378 1082 2425 attributum
1113 2394 1224 2427 esce.
1288 2376 1414 2441 Eryo
1448 2404 1507 2414 —

365 2589 438 2637 Ad
487 2591 572 2636 hoc
621 2587 661 2635 si
710 2586 812 2647 quis
861 2586 1009 2635 dicere
1055 2587 1215 2647 vellet,
1266 2588 1352 2635 hoc
1382 2588 1436 2635 de
1467 2588 1565 2635 idea
1596 2587 1661 2636 rei
1695 2601 1785 2633 non
1816 2602 1923 2635 vero
1954 2586 2009 2633 de
2040 2602 2089 2632 re
2118 2585 2223 2648 ipsa

304 2662 547 2718 affirmare,
590 2660 702 2707 false
733 2658 927 2717 diceret,
960 2672 1064 2705 nam
1096 2657 1194 2706 idea
1226 2674 1320 2707 non
1350 2658 1507 2707 existit
1536 2657 1829 2705 materialiter
1858 2656 2069 2713 attributi
2098 2656 2224 2717 quod

303 2732 361 2781 ad
407 2746 487 2778 ens
536 2730 646 2777 illud
694 2728 890 2790 pertinet
911 2766 925 2787 ,
971 2729 1122 2789 itaque
1169 2728 1215 2777 id
1246 2729 1365 2789 quod
1396 2731 1640 2777 affirmatur
1668 2745 1753 2777 nec
1784 2728 1849 2777 rei
1879 2744 1963 2776 nee
1993 2728 2118 2775 illins
2148 2734 2222 2777 est

303 2802 424 2863 quod
470 2802 525 2848 de
569 2816 617 2847 re
665 2801 940 2860 affirmatum
991 2800 1059 2849 ita
1089 2807 1141 2849 nt
1169 2801 1293 2848 inte-r
1322 2801 1463 2847 ideam
1499 2808 1545 2848 et
1574 2802 1699 2848 illius
1729 2799 1925 2848 idcatnm
1958 2815 2121 2860 magna
2156 2798 2223 2847 sit

301 2870 575 2931 differentia,
607 2879 654 2920 et
685 2872 826 2933 igitur
854 2870 989 2930 illud,
1025 2871 1143 2931 qnod
1174 2872 1421 2919 affirmatur
1449 2871 1505 2919 de
1536 2888 1607 2931 re,
1638 2887 1734 2921 non
1764 2872 1820 2920 de
1849 2870 1948 2919 idea
1964 2872 2221 2919 affirmatur

299 2951 347 2993 et
377 2944 476 2993 viee
506 2958 648 2992 versa.
