2432 3554
1329 175 1444 237 134

443 339 607 394 lorem
664 353 1020 410 cognoscere:
1078 338 1259 410 quod,
1312 340 1395 395 uti
1433 340 1576 396 ratio
1609 358 1712 396 nos
1744 340 1937 406 docet,
1981 341 2296 414 praecipuum

444 425 529 476 est
582 437 689 492 quo
742 421 813 475 ad
864 421 1254 492 perfectionem
1307 423 1608 480 veniamus,
1682 421 1794 477 Ubi
1847 422 1992 478 enim
2029 422 2296 494 potentiam

442 501 935 572 perfectionemque
974 504 1223 555 nostram
1266 500 1400 556 bene
1436 503 1846 574 cognoscimus,
1903 503 2046 558 clare
2077 501 2299 556 videmus

396 651 403 660 .
442 580 575 653 quid
612 580 771 637 nobis
804 579 1115 636 faciendum
1154 581 1261 645 sit,
1300 581 1369 636 ad
1411 581 1609 637 bonum
1647 587 1895 638 nostrum
1933 584 2090 637 finem
2110 585 2174 636 ut
2191 583 2296 651 per·

442 662 761 724 veniamus:
802 662 1107 725 etiterum,
1145 662 1417 718 defectum
1446 667 1691 718 nostrum
1718 665 1775 718 et
1799 661 2167 734 impotentiam
2187 653 2300 730 cog·

446 745 759 804 noscentes,
796 741 1045 797 videmus
1079 742 1213 813 quid
1253 741 1412 798 nobis
1445 743 1734 798 vitandum
1775 743 1864 797 sit.

518 899 683 960 Quod
720 899 789 953 ad
824 899 1147 970 Superbiam
1183 900 1704 972 Abjectioncmque,
1747 915 1932 954 earum
1956 899 2116 954 etia-tn
2139 894 2304 950 defini·

449 982 624 1033 tiones
663 979 799 1034 satis
830 979 1081 1036 indicant
1118 997 1209 1034 eas
1245 981 1480 1053 quadam
1517 997 1584 1036 ex
1619 979 1880 1051 opinione
1917 980 2076 1039 oriri:
2115 975 2306 1032 dioese-

448 1075 569 1112 mus
624 1059 767 1112 enim
824 1058 1055 1129 priorem
1108 1061 1179 1116 ad
1233 1059 1393 1115 illum
1447 1060 1742 1132 pertinere,
1806 1060 1899 1132 qui
1951 1057 2306 1130 perfectionem

451 1136 723 1209 quandam
778 1136 883 1207 ipsi
938 1157 1047 1194 non
1093 1140 1364 1212 propriam
1405 1141 1508 1196 sibi
1547 1140 1847 1202 attribuat:
1907 1139 2066 1212 cuius
2101 1135 2310 1206 Abjoetio

450 1217 627 1286 ipsum
664 1218 994 1273 contrarium
1032 1225 1131 1276 est.

525 1456 686 1510 Patet
721 1457 895 1526 igitur
918 1475 947 1512 e
974 1457 1171 1522 dictis,
1213 1459 1390 1531 quod,
1430 1475 1590 1532 quam
1632 1458 1803 1514 bonae
1829 1457 2194 1534 salutaresque·
2213 1453 2310 1508 sint

452 1535 801 1589 Generositas
835 1535 1278 1610 Humilitasque,
1319 1538 1588 1610 Superbia
1623 1543 1682 1592 ct
1717 1537 1974 1608 Abjectio
2012 1555 2040 1591 e
2065 1533 2314 1592 contrario
2373 1557 2375 1570 ·

452 1618 563 1666 tam
604 1613 777 1668 malae
810 1618 869 1668 et
904 1631 1220 1684 perversae:
1275 1616 1392 1672 illis
1427 1617 1570 1672 enim
1607 1632 1886 1687 possessor
1921 1633 2032 1672 non
2063 1615 2231 1672 solnm
2263 1614 2309 1665 in

455 1689 653 1746 bonum
694 1693 917 1749 ducitur
952 1698 1187 1760 stat-um,
1229 1697 1324 1752 sed
1361 1701 1494 1752 sunt
1529 1696 1695 1751 etiam
1719 1697 1838 1768 ipse
1861 1697 2065 1768 gradus
2083 1698 2108 1758 ,'
2133 1707 2232 1766 qao
2252 1691 2308 1745 ad

452 1791 719 1829 summam
758 1781 996 1832 nostram
1036 1777 1270 1834 salutem
1305 1775 1732 1838 adscendamus:
1777 1794 1900 1832 cum
1940 1775 2312 1832 haecceecon-

454 1856 623 1909 trario
681 1874 788 1911 non
840 1856 1017 1913 solum
1072 1876 1171 1914 nos
1227 1859 1528 1931 impediant
1569 1856 1639 1911 ad
1675 1857 2063 1927 perfectionem
2101 1859 2309 1911 nostram

458 1942 519 1987 ut
558 1937 965 2004 perveniamus,
1024 1938 1119 1992 sed
1158 1938 1322 1992 etiam
1361 1938 1417 1993 in
1457 1939 1696 1991 nostram
1735 1936 1948 1991 ruinam
1984 1952 2088 1989 nos
2118 1935 2314 1989 ducant.
2371 1958 2373 2003 ς

458 2015 715 2083 Abjectio
770 2034 871 2071 noe
914 2018 1143 2089 impedit
1178 2018 1470 2090 quominus
1505 2015 1647 2071 illud
1685 2015 1950 2070 faciamus
1985 2014 2129 2088 quod
2165 2015 2312 2068 meere
2372 2004 2373 2027 ¹

456 2094 714 2150 debemus
750 2099 815 2151 ut
851 2098 1075 2168 perfecti
1102 2097 1423 2160 reddamur,
1464 2095 1548 2151 uti
1575 2094 1824 2150 videmus
1848 2095 1907 2150 in
1933 2096 2183 2167 scepticis
2203 2090 2309 2165 qui,
2371 2030 2374 2160 l

458 2180 721 2245 negantes
777 2175 1047 2232 hominem
1102 2176 1274 2233 ullam
1331 2176 1526 2231 habere
1581 2192 1738 2246 posse
1794 2172 2094 2231 veritatem·
2135 2177 2191 2229 be
2230 2168 2313 2242 ipsi

456 2256 622 2311 hacce
678 2257 967 2327 negatione
1002 2276 1069 2314 ea
1104 2259 1356 2329 privant:
1414 2272 1537 2312 cum
1577 2253 1842 2326 Superbia
1879 2271 1908 2309 e
1945 2251 2216 2310 contritio
2243 2266 2312 2304 res
2369 2306 2371 2309 Α

458 2355 557 2391 nos
594 2339 833 2409 arripere
862 2340 1065 2403 faeiat,
1117 2356 1258 2411 quae
1295 2341 1444 2395 recta
1480 2336 1569 2391 via
1605 2336 1674 2390 ad
1713 2336 1928 2391 ruinam
1967 2330 2202 2392 nostram
2233 2330 2313 2384 du·
2369 2340 2371 2369 ἐ

456 2422 621 2481 cunt;
666 2419 749 2472 uti
787 2422 940 2490 patet
963 2419 1288 2491 videturque
1314 2420 1370 2474 in
1395 2415 1652 2472 omnibus
1677 2414 1818 2479 illis,
1861 2415 1956 2487 qui
1985 2414 2192 2487 opinati
2213 2410 2315 2465 suni

458 2498 859 2569 opinanturque
898 2516 957 2552 se
992 2515 1115 2553 cum
1155 2498 1274 2552 Deo
1311 2496 1636 2552 mirabiliter
1672 2494 1808 2551 bene
1839 2512 1898 2550 se
1930 2494 2159 2560 habere,
2197 2491 2320 2546 ideo·

457 2594 563 2648 que
600 2576 814 2632 nullum
840 2576 1140 2649 periculum
1170 2581 1474 2633 metuentes
1497 2575 1594 2630 sed
1617 2575 1686 2629 ad
1715 2574 1898 2630 omnia
1921 2576 2130 2646 parati,
2168 2572 2320 2644 ignem

460 2672 765 2728 aquamque
800 2661 1161 2713 contemnunt
1196 2660 1254 2712 et
1290 2658 1369 2712 ita
1407 2654 1786 2711 miserabiliter
1823 2659 2069 2727 pereunt.
