2432 3554
1199 189 1318 248 360

316 351 700 409 Limborchius
739 353 1038 422 occupatus
1075 349 1216 406 male
1253 348 1624 406 verisimiliter
1658 351 1716 404 et
1750 345 1957 415 vidisse
1982 351 2041 404 et
2057 347 2201 420 judio

318 449 470 488 casse
509 431 774 487 dicendus
810 431 929 487 erit.

389 510 630 566 Verbum
657 509 836 566 adhuc
859 510 1167 566 addendum
1195 508 1301 571 orit
1326 509 1394 564 de
1420 508 1650 563 diversis
1675 506 1988 579 philosophi
2015 506 2205 579 imagi-

319 589 481 646 nibus
547 592 720 662 deque
781 610 846 645 ea
882 609 990 662 qua
1027 591 1192 646 hocce
1228 589 1445 644 demum
1482 587 1736 644 volumen
1774 587 1957 642 ornari
1994 585 2209 642 curavi-

320 687 442 726 mus
476 669 920 742 photographica.
957 671 1253 742 Cognitum
1290 673 1373 724 est
1410 668 1546 724 duas
1582 667 1849 740 imagines
1884 671 2074 722 extare
2098 667 2217 738 pie-

319 755 432 814 tas,
480 767 708 822 quarum
749 769 858 805 una
894 751 950 805 in
988 750 1329 806 Bibliotheca
1366 748 1789 818 Guelferbytana
1812 751 2091 809 servatur,
2132 745 2217 802 al-

321 833 439 884 tera
493 847 522 884 e
579 829 648 886 cl.
709 829 870 884 Pauli
908 828 1388 901 Heidelbergonsis
1428 828 1705 896 manibusl,
1750 833 1879 883 ante
1916 827 2019 882 hos
2054 827 2213 900 quin-

319 907 492 964 decim
531 925 703 964 annos
719 947 738 974 ‚
785 909 842 964 in
881 927 1028 963 meas
1064 909 1301 965 transiit.
1372 906 1589 962 Tertiae
1626 907 1873 979 picturae
1910 907 2119 962 mentio
2150 907 2215 960 fit

319 988 378 1043 in
415 987 646 1059 epistola
682 990 840 1044 Gust.
883 987 1303 1051 Brinckmanni‚
1342 1004 1487 1042 anno
1511 988 1652 1042 1802
1678 987 1745 1042 ad
1771 987 1951 1042 virum
1976 986 2217 1042 clarissi-

318 1084 464 1122 mum
504 1068 698 1134 missa,
737 1066 831 1122 ubi
871 1085 928 1122 se
965 1067 1170 1122 vidisse
1205 1068 1397 1124 scribit
1434 1067 1740 1140 philosophi
1777 1067 2077 1140 imaginem
2102 1068 2211 1140 pic·

319 1150 433 1200 tam
487 1146 633 1218 apud
683 1147 866 1219 Ampl.
902 1147 1153 1204 comitem
1192 1147 1317 1202 Von
1354 1147 1753 1212 Alvensleben,
1811 1166 1953 1220 quae
1991 1147 2217 1204 ubinam

322 1224 482 1281 hodie
519 1226 814 1293 habeatur,
863 1228 1064 1284 nesci0.
1135 1227 1351 1287 Quarta
1388 1229 1447 1283 in
1483 1231 1711 1300 argento
1747 1227 1896 1298 picta
1934 1229 2217 1300 multoque

321 1307 546 1362 minoris
584 1309 754 1378 igitur
790 1307 1176 1370 dimensionis,
1218 1311 1465 1362 servatur
1501 1307 1559 1361 in
1596 1305 2021 1362 collectionibus
2052 1307 2215 1363 Saxo-

321 1387 673 1449 Gotbanicis;
739 1388 829 1442 cui
871 1387 930 1441 in
967 1386 1128 1441 dorso
1162 1386 1486 1456 inscriptum
1526 1403 1644 1439 eam
1684 1385 1753 1440 ab
1788 1385 1909 1455 ipso
1947 1385 2213 1457 θρίω

323 1465 536 1537 hospite
586 1472 708 1522 Van
747 1467 843 1520 der
880 1464 1062 1538 Spijek
1101 1483 1152 1520 a.
1193 1463 1335 1522 1676
1371 1463 1773 1520 Ams-telodami
1807 1464 1887 1534 (ἲ)
1912 1467 2207 1520 confectam

325 1561 461 1600 esse.
536 1545 656 1602 Nec
711 1548 796 1598 est
838 1561 935 1600 cur
974 1544 1100 1600 huic
1137 1544 1483 1615 inscriptioni
1520 1545 1682 1599 fldem
1720 1562 1828 1600 non
1864 1544 2214 1612 haberemus,

323 1641 446 1680 cum
485 1628 542 1679 et
577 1624 799 1680 aliunde
835 1625 1070 1680 sciamus
1096 1623 1425 1697 Spijckium‚
1470 1625 1777 1697 „pictorem
1802 1641 2067 1698 perquam
2094 1623 2217 1680 arti·

323 1703 590 1768 ficiosum,
631 1703 816 1758 athei”
849 1733 922 1744 —
960 1705 1042 1760 uti
1081 1704 1282 1776 legitur
1318 1733 1391 1744 —
1428 1704 1689 1770 „vultum
1727 1705 2061 1774 expressisse
2068 1705 2133 1770 ,”
2168 1707 2221 1760 et

328 1785 485 1841 faciei
539 1784 841 1840 similitudo
899 1815 966 1827 -
1023 1802 1352 1858 quamquam
1390 1783 1461 1839 ab
1498 1788 1661 1839 antea
1696 1784 1935 1855 cognitis
1972 1785 2225 1840 iconibus

329 1873 504 1944 iisque
551 1872 820 1928 similibus
845 1874 1146 1945 sculpturis
1171 1872 1469 1945 paullisper
1494 1872 1740 1927 diversae
1763 1902 1836 1913 —
1860 1872 1999 1929 satis
2027 1890 2223 1946 magna

326 1953 430 2016 sit,
489 1956 551 2007 nt
605 1952 672 2007 de
708 1952 998 2007 identitate
1051 1970 1315 2023 personae
1368 1970 1477 2007 non
1534 1952 1869 2008 dubitemus·
1919 1952 2089 2010 Hanc
2126 1954 2221 2027 igi-

325 2036 419 2087 tur
452 2062 524 2073 --
548 2033 750 2103 quippe
777 2032 1054 2105 hucusque
1079 2032 1344 2089 ineditam
1368 2066 1440 2077 -
1464 2034 1755 2107 imaginem
1773 2078 1788 2099 ‚
1828 2035 1899 2091 ab
1926 2037 2221 2092 artificiosa

325 2114 616 2169 Butstettii
673 2112 1031 2183 photographi
1086 2112 1325 2169 Gothani
1381 2132 1545 2169 manu
1593 2114 1734 2171 lucis
1771 2132 1871 2187 ope
1908 2114 2223 2173 fidelissimo

327 2193 746 2263 transpositam,
786 2191 1052 2247 volumini
1090 2198 1278 2248 nostro
1314 2193 1717 2265 adjungendam
1754 2195 2035 2251 duximus·

403 2272 748 2343 AdJ’iciamus
798 2271 1034 2343 denique
1070 2272 1338 2328 ineditum
1377 2274 1655 2345 hucusque
1694 2275 1750 2329 in
1789 2274 2061 2347 Spinozae
2098 2276 2225 2331 ima·

331 2353 512 2424 ginem
551 2350 809 2423 anonymi
847 2350 1147 2414 distichon,
1189 2353 1334 2424 quod
1368 2351 1528 2408 alteri
1555 2354 1845 2409 Tractat-us
1883 2353 1951 2408 de
1987 2353 2114 2409 Deo
2140 2355 2225 2409 ho·

333 2432 584 2504 mineque
623 2430 917 2502 exemplari
956 2431 1279 2503 inscriptum
1316 2433 1657 2489 invenimus:

455 2584 460 2590 .
484 2528 600 2577 Hier
631 2528 860 2575 sehaduwt
891 2542 975 2573 ons
1006 2526 1060 2573 de
1091 2528 1225 2575 kunst
1254 2528 1302 2574 in
1334 2534 1466 2588 prent
1499 2529 1731 2591 Spinoza's
1762 2546 1931 2588 weluen,

544 2598 617 2645 En
649 2598 797 2644 beeldt
829 2600 865 2643 ’s
898 2612 1021 2645 mans
1052 2598 1152 2659 diep
1183 2599 1365 2659 gepeins
1396 2600 1446 2647 in
1477 2602 1514 2646 ’t
1546 2600 1673 2661 zedig
1701 2607 1837 2662 trony
1866 2602 1938 2659 af3

485 2670 661 2729 'I'erwijl
693 2668 750 2716 de
780 2670 940 2713 vrncht
973 2672 1080 2729 zijns
1111 2676 1250 2729 genet,
1292 2686 1347 2715 en
1380 2672 1416 2717 't
1447 2686 1557 2729 geon
1591 2675 1627 2718 ’t
1658 2672 1837 2719 vernuft
1868 2674 1969 2719 hem
2002 2674 2109 2733 gaf,

549 2742 660 2789 Best
694 2740 836 2789 werdt
868 2740 1040 2801 gekend
1073 2756 1157 2787 van
1189 2742 1282 2787 hun
1313 2741 1385 2789 dio
1416 2746 1530 2803 zijne
1564 2742 1779 2790 schriften
1810 2744 1951 2792 lezen.

1097 2938 1448 2981 ψ
