2432 3554
1274 169 1354 226 34

365 328 484 400 ipse
523 327 800 399 patiatur?
875 327 1118 384 Tandem
1157 327 1471 384 substantia
1508 345 1632 384 cum
1670 328 1743 384 sit
1779 327 2111 398 principium
2150 345 2265 382 om·-

367 412 520 464 nium
561 409 680 480 ejus
723 408 1028 474 modorum,
1083 409 1208 479 jure
1250 407 1453 477 majore
1490 425 1657 478 agens
1694 425 1857 479 quam
1896 409 2111 478 patiens
2150 408 2265 464 diei

371 490 576 560 potest.
654 489 782 550 Quo
821 488 970 544 dicto
1008 489 1076 543 ad
1116 487 1299 542 omnia
1335 489 1471 544 satis
1509 505 1825 558 responsum
1852 505 1969 544 esse
1994 494 2272 559 putamus.

444 645 558 702 Hic
597 664 724 701 vero
763 645 1037 717 objicitur.
1059 649 1367 702 necessario
1393 664 1511 702 esse
1535 647 1729 702 debere
1756 647 1985 718 primam
2010 663 2231 703 causam
2252 689 2266 705 .

375 743 513 797 quae
573 743 770 798 corpus
825 726 928 782 hoc
983 732 1233 790 moveat,
1292 743 1415 782 cum
1474 744 1531 780 se
1586 727 1763 798 ipsum
1790 767 1805 788 ,
1868 727 1957 782 ubi
1996 726 2269 799 quiescit.

371 803 526 860 nullo
583 806 743 860 modo
803 823 1014 860 movere
1066 805 1277 876 possit:
1348 811 1402 860 et
1461 805 1591 877 quia
1644 805 1789 862 clare
1846 811 1998 876 patet
2052 807 2110 860 in
2172 824 2273 860 na·

371 889 496 940 tura
555 891 760 938 motum
817 891 872 939 et
927 885 1164 956 quietem
1222 903 1378 950 esse,
1435 890 1635 957 putant
1690 903 1783 940 eos
1838 887 2145 942 necessario
2196 888 2276 942 ab

371 969 597 1020 externa
647 981 813 1020 causa
866 965 1062 1020 debere
1103 963 1270 1020 nasci.
1345 963 1453 1020 Sed
1493 964 1656 1020 facile
1690 967 1760 1020 ad
1800 965 1901 1020 hoc
1938 965 2273 1037 tespondere

375 1061 696 1117 possumus;
745 1044 1100 1100 concedimus
1132 1043 1311 1108 enim,
1362 1045 1507 1116 quod
1546 1045 1590 1098 si
1628 1061 1829 1116 corpus
1868 1062 1953 1100 res
1990 1052 2135 1100 esse-t
2173 1065 2275 1116 per

375 1141 432 1178 se
471 1121 748 1186 existens„
789 1139 890 1176 nec
927 1122 1079 1178 aliud
1121 1122 1453 1178 attributum
1490 1123 1715 1180 haberet
1750 1142 1915 1195 quam
1952 1124 2099 1196 quod
2124 1137 2277 1181 esset

375 1203 628 1272 longum,
671 1201 878 1268 latum,
917 1209 972 1256 et
1002 1203 1367 1274 profundum,
1408 1209 1524 1258 tum
1561 1203 1617 1260 in
1658 1221 1722 1258 eo
1760 1222 1980 1260 causam
2016 1223 2126 1261 non
2154 1224 2281 1262 esse

375 1280 661 1345 movendi;
727 1281 824 1336 sed
877 1281 1007 1354 quia
1063 1286 1226 1336 antea
1280 1287 1531 1338 naturam
1587 1302 1685 1339 ens
1734 1283 1975 1341 diximus
2012 1285 2082 1340 ad
2122 1287 2277 1358 quod

374 1361 558 1416 omnia
613 1360 884 1416 attributa
938 1360 1246 1432 pertinent,
1301 1361 1381 1418 nil
1430 1363 1483 1418 ei
1518 1362 1707 1418 deesse
1742 1367 1924 1436 potest
1960 1365 2029 1420 ad
2067 1366 2279 1436 produ·

375 1440 609 1498 cendum
647 1458 804 1496 omne
843 1442 988 1513 quod
1027 1441 1255 1512 produci
1292 1446 1491 1514 potest.

413 1846 417 1851 '
450 1836 590 1891 Cum
628 1837 798 1908 igitur
837 1838 1118 1910 hucusque
1155 1837 1225 1892 dc
1250 1837 1401 1903 Deo,
1440 1840 1575 1913 quid
1602 1840 1707 1904 sit,
1749 1839 1920 1897 locuti
1948 1860 2169 1904 sumus,
2210 1844 2286 1899 de

379 1916 668 1973 attributis
707 1918 826 1989 ejus
862 1919 1029 1973 verbo
1055 1924 1271 1975 tantum
1298 1918 1542 1976 dicemus
1560 1962 1574 1985 ,
1615 1939 1680 1977 ea
1702 1938 1843 1993 quae
1871 1922 2029 1977 nobis
2052 1924 2289 1994 cognita

379 1998 594 2053 duobus
632 2003 850 2054 tantum
888 2006 1170 2065 constare,
1234 2018 1425 2072 nempe
1463 2002 1785 2057 extensione
1822 2006 1878 2063 et
1914 2003 2283 2075 cogitationes

379 2078 630 2135 Dicimus
667 2078 812 2133 enim
860 2078 949 2135 hic
987 2082 1202 2135 tantum
1241 2079 1309 2133 de
1346 2080 1552 2137 talibus
1590 2080 1909 2146 attributis,
1974 2100 2112 2155 quae
2147 2102 2287 2140 vere

381 2159 487 2214 Dei
525 2158 795 2214 attributa
832 2157 941 2215 dici
981 2166 1243 2231 possunt,
1302 2177 1398 2230 per
1434 2180 1573 2234 quae
1610 2181 1734 2219 eum
1773 2162 1831 2218 in
1870 2180 1929 2219 se
1964 2164 2115 2235 ipso,
2176 2184 2290 2222 nec

381 2242 641 2309 tanquam
707 2242 862 2293 extra
925 2256 981 2295 se
1039 2242 1353 2311 operantem
1408 2243 1769 2314 concipimus.
1848 2243 2049 2301 Omnia
2104 2244 2289 2316 igitur

383 2338 522 2391 quae
578 2319 824 2375 homines
879 2326 1094 2392 praeter
1149 2322 1259 2375 duo
1304 2322 1411 2377 ista
1454 2324 1726 2379 attributa
1762 2324 1883 2377 Deo
1920 2322 2283 2388 adscribunt,

383 2400 427 2454 si
484 2398 708 2454 omnino
767 2399 838 2453 ad
889 2418 1014 2455 eum
1051 2401 1367 2471 pertinent.
1428 2402 1517 2455 vel
1554 2402 1859 2457 nominatio
1897 2409 2059 2457 erunt
2098 2408 2287 2459 exter-

380 2499 476 2545 na,
546 2482 625 2535 uti
665 2481 812 2553 quod
849 2482 921 2537 sit
960 2482 1045 2538 sui
1093 2490 1383 2543 constane,
1447 2483 1673 2544 unicus,
1732 2491 2025 2543 aeternus,
2077 2490 2137 2536 et
2170 2484 2283 2539 im·

379 2560 688 2624 mutabilis;
739 2560 825 2615 vel
861 2562 1008 2634 quod
1046 2561 1118 2617 ad
1155 2562 1501 2633 operationes
1534 2560 1686 2630 ejus,
1730 2561 1814 2617 uti
1850 2564 1997 2634 quod
2034 2562 2109 2617 sit
2146 2580 2285 2619 cau-

379 2659 438 2696 sa
457 2684 470 2705 ,
501 2640 956 2712 praedestinator,
986 2644 1042 2695 et
1069 2646 1247 2697 rector
1272 2640 1515 2697 omnium
1548 2657 1762 2705 rerum:
1792 2658 1931 2713 quae
1956 2641 2141 2698 omnia
2158 2642 2288 2700 Deo

381 2719 598 2791 propria
637 2725 796 2781 sunt.
841 2737 941 2775 nec
977 2738 1108 2776 vero
1145 2720 1281 2793 quid
1318 2720 1392 2777 sit
1428 2720 1792 2792 patefaciant:
1834 2721 2107 2793 quomodo
2144 2740 2287 2779 vero
