2432 3554
1303 161 1420 221 228
1459 197 1468 214 ,

483 323 689 385 Primo,
751 321 881 393 quia
917 320 1022 375 Dei
1062 320 1302 377 essentia
1344 321 1564 377 infinita
1606 324 1722 387 est,
1781 324 1839 376 et
1882 322 2140 377 actionem
2171 322 2271 377 infi-

411 404 585 460 nitam
630 400 1009 475 passionisque
1047 400 1320 456 infinitam
1367 402 1718 472 negationem
1761 400 1958 463 habet,
2013 402 2276 457 seeundum

391 483 643 555 primam
681 478 1143 552 propositionem,
1182 484 1240 535 et
1277 497 1392 545 res,
1437 486 1644 553 quanto
1682 481 1856 552 magis
1893 499 1990 553 per
2022 482 2276 537 essentiam

414 579 569 617 suam
627 559 885 631 majorem
946 575 1071 614 eum
1126 559 1247 615 Deo
1305 558 1494 615 unitae
1554 566 1716 627 sunt,
1767 564 1926 617 tanto
1980 562 2100 633 plus
2139 565 2280 617 etiam

412 640 647 697 aetionis
705 640 907 694 habent
964 638 1344 711 passionisque
1403 641 1615 705 minus;
1674 645 1832 697 tanto
1872 644 2044 715 magis
2077 644 2222 699 etiam
2253 659 2278 695 a

415 719 719 775 mutatione
757 723 814 773 et
850 718 1157 811 perditione
1195 717 1400 774 liberae
1439 724 1588 776 sunt.

488 880 750 943 Secundo,
800 876 930 950 quia
969 880 1090 949 (per
1128 877 1246 933 Hm
1285 881 1470 951 prop.)
1509 878 1666 934 nulla
1702 897 1787 934 res
1827 898 1958 935 suae
1994 879 2278 935 destructio·

417 962 505 1016 nis
536 958 709 1016 eausa
746 976 863 1013 esse
901 962 1114 1030 potest,
1158 975 1295 1024 nee,
1333 959 1404 1013 ab
1443 958 1559 1013 ulla
1577 962 1802 1015 externa
1828 961 2092 1032 producta
2112 977 2276 1022 eausa,

416 1040 486 1096 ab
525 1057 590 1095 ea
626 1042 747 1111 (per
784 1037 935 1095 IIIm
970 1040 1155 1110 prop.)
1194 1038 1422 1103 mutari,
1467 1038 1561 1093 sed
1601 1042 1722 1110 (per
1757 1039 1898 1095 IVm
1937 1042 2114 1112 prop.)
2139 1042 2278 1095 inter-

420 1139 522 1175 nae
559 1136 755 1175 eausae
793 1118 1122 1190 productum
1160 1117 1371 1173 destrui
1411 1118 1497 1173 vel
1539 1119 1740 1173 mutari
1778 1119 1998 1191 nequit,
2054 1118 2278 1192 quamdiu

420 1200 553 1255 haee
589 1198 709 1269 ejus
746 1214 914 1253 eausa
948 1197 1240 1269 perdurat;
1282 1198 1532 1269 sequitur
1567 1214 1758 1255 verum
1798 1198 2132 1255 intellectum
2171 1215 2282 1253 nun-

325 1332 331 1341 ,
420 1296 583 1352 quam
621 1278 796 1349 perire
834 1295 1023 1349 posse,
1080 1277 1210 1349 quia
1247 1293 1358 1333 non
1396 1296 1425 1331 e
1463 1277 1646 1333 causis
1683 1277 1956 1343 externiS,
2007 1278 2099 1335 sed
2131 1296 2162 1333 a
2190 1276 2284 1331 Deo

424 1359 708 1431 provenit,
751 1357 953 1429 quippe
990 1374 1130 1429 quae
1168 1374 1335 1413 eausa
1372 1356 1492 1428 ejus
1529 1362 1752 1413 aeterna
1790 1362 1888 1416 est.

505 1756 682 1812 Tertio
698 1797 713 1819 ‚
753 1755 937 1812 omnia
974 1754 1294 1811 intellectus
1321 1755 1592 1828 producta
1616 1773 1755 1828 quae
1781 1772 1906 1812 eum
1931 1772 1996 1811 eo
2021 1754 2167 1812 unita
2188 1754 2286 1808 sunt

432 1853 561 1908 prae
610 1835 736 1891 aliis
772 1835 1025 1891 omnibus
1064 1835 1405 1892 aestimanda
1443 1840 1602 1900 sunt,
1646 1836 1776 1908 quia
1812 1835 2080 1907 producta
2111 1837 2284 1890 interna

430 1933 626 1972 causae
682 1915 931 1971 internae
986 1916 1461 1988 praestantissima
1523 1919 1654 1970 sunt
1708 1916 2038 1985 (seeundum
2081 1915 2284 1988 quintam

431 1997 637 2070 prop.).
686 1995 849 2052 Unde
888 1997 1172 2068 sequitur,

510 2227 739 2286 Quarto,
782 2225 966 2282 omnia
1003 2242 1143 2298 quae
1169 2228 1328 2281 extra
1352 2242 1452 2281 nos
1476 2240 1764 2297 operamur
1791 2221 2059 2296 producta
2075 2264 2090 2287 ‚
2125 2219 2293 2294 quanto

432 2306 758 2378 perfectiora
794 2309 954 2370 sunt,
994 2308 1152 2360 tanto
1193 2305 1366 2376 magis
1403 2303 1534 2358 fieri.
1559 2319 1747 2374 posse,
1791 2301 2077 2359 nobiseum
2111 2306 2168 2356 ut
2197 2296 2292 2352 uni·

432 2389 630 2450 antur,
670 2384 740 2439 ad
778 2402 944 2441 unam
980 2384 1271 2440 nobiseum
1296 2381 1638 2439 efficiendum
1665 2387 1940 2438 natura-m.
1982 2381 2066 2438 Ea
2087 2380 2294 2438 ratione,

435 2483 560 2522 eum
616 2481 713 2537 per
769 2464 1027 2519 unionem
1084 2481 1260 2518 meam
1297 2479 1422 2518 eum
1459 2461 1578 2516 Deo
1615 2460 1768 2517 ideas
1804 2461 1866 2517 in
1904 2479 1989 2516 me
2025 2478 2171 2516 veras
2200 2474 2296 2529 pro·

436 2543 613 2608 dueo,
672 2561 869 2616 easque
926 2548 983 2598 et
1038 2540 1300 2614 proximis
1356 2543 1490 2598 meis
1528 2541 1782 2608 notifico,
1847 2541 2093 2615 aequalis
2125 2553 2296 2595 meeum

441 2621 637 2678 salutis
663 2627 726 2678 ut
751 2622 1045 2696 participes
1072 2624 1236 2690 fiant,
1275 2622 1508 2679 efficitur
1546 2623 1606 2678 in
1631 2623 1702 2678 iis
1727 2622 1955 2678 eandem
1982 2620 2298 2694 eupiditatem

439 2717 504 2758 ae
559 2702 618 2757 in
674 2720 759 2757 me
797 2702 1027 2774 produei
1084 2706 1141 2759 et
1177 2719 1366 2758 eorum
1405 2721 1688 2775 meamque
1732 2703 2075 2760 voluntatem
2110 2699 2296 2758 eandem

440 2798 591 2847 esse,
648 2785 704 2837 et
761 2800 925 2838 unam
976 2783 1329 2855 eamdemque
1366 2802 1467 2841 nos
1505 2783 1712 2840 efficere
1749 2786 2002 2842 naturam
2041 2797 2227 2856 semper
2253 2778 2298 2832 in

432 2861 697 2918 ‹omnibus
732 2862 878 2918 inter
914 2879 975 2918 se
1012 2863 1450 2921 convenientem.
