2432 3554
1045 158 1163 216 347

164 312 405 384 chymica
442 314 658 386 vulgari
694 319 876 374 omnia
911 325 1235 392 praeparata
1270 321 1415 377 circa
1440 321 1769 393 vegetabilia
1792 340 1903 377 non
1928 339 2049 376 esse

165 393 268 450 nisi
324 396 698 466 corruptiones
749 403 804 452 et
859 399 1269 456 falsificationes
1325 401 1549 463 salium.
1624 401 1762 456 nihil
1819 402 2047 456 stultius

166 491 281 528 esse
335 474 612 530 ordinaria
647 478 1016 548 agricultura,
1077 498 1177 536 nec
1216 481 1306 536 hic
1343 481 1553 554 aliquid
1592 500 1707 537 esse
1744 483 1889 554 quod
1926 483 2045 555 phi·

165 551 447 623 Iosophum
523 557 667 626 sapit
739 559 846 612 nisi
907 561 1072 615 aratri
1129 561 1499 616 inventionem
1558 569 1661 618 etc.
1750 561 1857 616 Sed
1916 563 2047 619 haec

165 634 366 705 absque
419 633 588 690 dubio
637 635 740 692 tibi
777 655 990 710 quoque
1029 640 1192 695 nimis
1230 642 1565 696 confidenter
1600 643 1749 696 dicta
1784 641 2051 697 videbun·

166 719 292 775 tur;
349 731 534 769 verum
591 720 758 787 opto,
818 723 881 772 ut
935 718 1088 774 Dens
1141 721 1313 774 vitam
1350 726 1407 775 et
1442 721 1879 776 commoditatem
1919 721 2051 776 mihi

169 792 508 864 suppreditct
558 812 678 850 mea
726 798 970 868 cogitata
1005 799 1063 854 in
1103 799 1251 856 hunc
1287 802 1531 857 ordinem
1572 801 1853 871 redigendi
1891 806 2054 872 prout

169 873 227 929 in
283 873 406 927 idea
457 873 660 937 habeo,
721 875 824 932 hoc
861 882 945 932 est
981 884 1046 934 ut
1081 881 1219 935 artis
1255 880 1569 935 inveniendi
1608 879 1867 952 specialia
1904 897 2055 950 prae-

171 958 328 1024 cepta
365 953 566 1023 possim
606 954 891 1020 exhibere,
932 962 988 1012 et
1026 960 1246 1013 tandem
1284 960 1677 1031 specialissima
1716 960 1807 1015 ubi
1846 958 1913 1013 de
1941 959 2059 1014 solo

171 1033 386 1090 homine
436 1033 779 1093 tractabitur.
851 1039 1010 1098 Quae
1047 1041 1232 1094 omnia
1268 1057 1377 1094 non
1414 1045 1576 1095 erunt
1612 1041 1721 1094 nisi
1760 1039 2061 1094 medicinae

172 1114 370 1170 mentis
424 1117 481 1169 et
535 1118 776 1186 corporis
829 1118 1172 1173 continuatio
1228 1118 1516 1190 specialior
1553 1124 1609 1174 et
1646 1119 2057 1191 specialissima.

172 1194 361 1254 Haec,
403 1193 624 1265 inquam
646 1237 660 1256 ,
706 1197 752 1250 si
789 1199 1044 1269 perficere
1081 1203 1301 1270 poter-0,
1342 1199 1503 1254 credo
1540 1199 1685 1270 quod
1722 1199 1925 1270 posteri
1952 1216 2063 1257 non

173 1275 360 1330 dicent
397 1273 530 1330 haec
565 1277 930 1334 confidentius
967 1297 1000 1334 a
1038 1297 1122 1334 me
1158 1278 1307 1334 dicta
1345 1295 1462 1333 esse
1498 1296 1659 1350 quam
1698 1295 1796 1350 par
1833 1282 1935 1333 est.

245 1354 412 1418 „Nec
447 1351 610 1408 aliter
645 1372 762 1410 eam
802 1374 1058 1429 superare
1094 1359 1287 1429 posse”
1324 1361 1428 1415 etc.
1476 1359 1604 1414 Non
1642 1357 1803 1412 aliter
1840 1373 1917 1412 sc.
1957 1357 2069 1412 nisi·

167 1435 334 1507 juxta
392 1451 563 1488 meam
621 1436 935 1492 methodum
983 1439 1233 1493 solvendi
1282 1437 1463 1492 omnia
1504 1437 1871 1508 problemata,
1928 1436 2073 1491 alias·

171 1521 330 1571 aetas
366 1512 658 1570 inutilibus
697 1517 1070 1582 consumitur,
1113 1523 1277 1589 prout
1314 1516 1515 1572 multos
1539 1517 1659 1586 jam
1696 1517 1873 1572 facere
1902 1515 2075 1586 probe

173 1595 320 1658 scio,
381 1611 504 1649 cum
561 1599 754 1650 contra
807 1613 910 1666 ego
967 1615 1178 1668 semper
1227 1597 1417 1668 paucis
1466 1595 1777 1667 sumptibus
1826 1600 1882 1650 et
1918 1596 2070 1652 facili

175 1674 400 1746 negotio
456 1691 715 1746 perquam
756 1676 918 1731 utilia
953 1676 1177 1748 detego,
1240 1677 1404 1733 sicuti
1442 1677 1676 1748 singulis
1714 1678 1873 1732 annis
1909 1677 2075 1732 innu-

173 1773 327 1813 mera
374 1753 658 1825 incognita
706 1755 902 1828 detego
953 1761 1009 1812 et
1063 1757 1277 1823 detexi,
1338 1762 1393 1812 et
1435 1774 1574 1829 quae
1610 1757 1751 1813 forte
1788 1774 1899 1813 non
1936 1757 2073 1813 adeo

175 1839 294 1895 cito
328 1837 745 1907 detegerentur,
785 1837 830 1891 si
869 1836 1034 1892 aliam
1072 1838 1216 1891 viam
1254 1854 1559 1909 sequamur.
1610 1836 1871 1901 „Deinde
1907 1836 2078 1909 hypo·

178 1915 664 1987 theses.quasdam
703 1918 974 1979 comm..”
1031 1921 1138 1971 etc.
1216 1918 1385 1978 Quod
1422 1916 1613 1989 utique
1648 1917 1850 1987 probo,
1890 1917 1937 1971 si
1978 1918 2083 1971 hae‘

181 1996 514 2070 hypotheses
571 2015 638 2051 ex
685 1996 1034 2067 generalibus
1071 1996 1287 2069 legibus
1326 1997 1565 2052 universi
1603 1996 1905 2051 secundum
1942 2010 2081 2068 quaa

179 2077 368 2135 omnia
405 2077 602 2140 firunt,
645 2076 959 2149 ubicunque
996 2079 1162 2139 fiant,
1205 2078 1511 2133 necessario
1547 2076 1737 2133 fluant.
1814 2074 1965 2140 „Sed
1999 2075 2083 2130 ita

181 2174 404 2232 quoque
466 2174 790 2229 permagnus
826 2156 1013 2212 labor”
1052 2162 1155 2214 etc.
1228 2156 1483 2213 Concedo
1518 2161 1729 2219 totum,
1790 2155 1835 2210 si
1874 2156 2081 2226 specia-

180 2240 264 2295 lia
307 2239 366 2293 in
402 2236 651 2307 Physicis
687 2236 1134 2301 determinanda,
1181 2254 1307 2291 nam
1346 2236 1500 2292 nulla
1536 2240 1687 2290 aetas
1725 2234 1813 2290 hic
1852 2233 2083 2289 sufficiet

185 2320 260 2375 ad
300 2317 483 2373 omnia
519 2318 578 2373 in
615 2318 794 2373 lucem
830 2316 1180 2381 deducenda:
1242 2318 1337 2373 sed
1376 2317 1423 2373 si
1459 2316 1735 2387 generalia
1774 2316 1828 2369 h.
1868 2334 1917 2369 e.
1958 2331 2081 2385 pro·

187 2402 458 2473 prietates
493 2415 780 2470 corporum
817 2417 852 2454 a
888 2399 1056 2470 priori
1094 2396 1572 2461 determinandae,
1609 2412 1749 2467 quae
1788 2394 1987 2465 ubique
2024 2395 2083 2449 in

187 2484 312 2536 toto
352 2478 635 2542 universo,
689 2479 792 2535 hoc
830 2484 914 2533 est
949 2478 1092 2534 lucis
1113 2519 1128 2541 ‚
1170 2476 1398 2539 solium,
1439 2475 1813 2546 planetarum,
1855 2473 2085 2527 minera-

191 2562 362 2623 lium‚
405 2558 828 2630 vegetabilium,
865 2557 1216 2619 animalium,
1260 2556 1513 2613 existimo
1549 2554 1698 2609 brevi
1734 2557 1977 2624 tempore
2001 2552 2085 2607 in-

191 2639 482 2698 credibilia
537 2656 694 2709 posse
749 2639 898 2702 fieri,
955 2639 1002 2693 si
1059 2638 1184 2709 quis
1233 2654 1405 2693 meam
1446 2635 1756 2690 methodum
1795 2635 2084 2706 aequatum

193 2719 510 2779 adhibendo
563 2717 932 2788 experientias
980 2717 1247 2773 hactenus
1282 2719 1525 2772 detectas
1563 2720 1619 2769 et
1656 2714 1891 2785 reliquas
1928 2713 2089 2767 insti·

197 2799 438 2857 tuendas
468 2798 632 2869 juxta
669 2814 784 2867 reg.
823 2814 947 2869 pag.
991 2799 1064 2851 64
1096 2801 1154 2851 et
1191 2798 1293 2860 65,
1333 2796 1535 2867 absque
1574 2798 1637 2849 ut
1672 2793 1789 2849 ulla
1825 2792 2089 2848 felicitate

198 2896 340 2951 opus
391 2878 493 2943 sit,
552 2891 880 2949 quamquam
931 2877 977 2931 si
1027 2877 1158 2932 talis
1193 2893 1410 2948 quoque
1447 2874 1613 2929 alicui
1650 2875 1940 2935 offeratur,
2000 2871 2091 2927 hic

199 2960 356 3015 illam
395 2976 506 3013 non
533 2957 672 3013 sciet
694 2956 970 3013 aestimari
997 2956 1192 3028 quanti
1218 2957 1323 3021 sit,
1362 2970 1523 3027 quam
1550 2954 1645 3026 qui
1672 2954 1813 3009 bona
1839 2951 2095 3007 methodo

197 3042 542 3101 instructus:
583 3054 910 3111 quamquam
948 3042 1098 3093 certe
1133 3038 1267 3094 mihi
1304 3034 1569 3109 quaedam
1596 3040 1727 3091 nota
1752 3038 1914 3100 sunt,
1954 3050 2093 3105 quae
