2432 3554
1248 187 1365 246 352

359 366 514 420 „qua
549 349 836 404 veritatem
872 367 968 422 per
1003 352 1059 405 te
1096 349 1275 422 ipsum
1302 352 1453 406 certo
1478 347 1758 421 acquirere
1776 389 1791 412 ,
1835 346 2108 418 passionis
2130 348 2253 403 tuas

361 431 634 498 sapienter
671 430 968 493 moderari,
1009 430 1299 486 sanitatem
1338 445 1685 489 conservare.
1728 427 1931 482 liberos
1958 428 2255 498 prudenter

359 509 620 572 educare,
681 514 736 564 et
791 510 993 565 similia
1045 510 1194 566 facili
1235 509 1453 580 negotio
1492 508 1687 580 exequi
1726 505 1951 564 liceat.''
2026 507 2250 564 Nullam

359 587 556 642 deinde
594 587 1004 659 occupationem
1044 587 1143 643 illa
1178 589 1627 659 praestantiorem
1664 587 1979 660 praedicat,
2020 605 2165 659 quae
2197 585 2254 642 in

361 667 591 733 „studio
629 668 988 740 acquirendae
1032 669 1281 722 veritatis
1317 685 1471 740 perse
1508 667 1723 738 ipsum''
1760 667 2050 728 consistit;
2106 683 2255 737 prae·

359 753 445 804 ter
501 749 638 804 hanc
697 749 990 812 „veritatis
1045 747 1496 820 acquisitionem’'
1553 745 1691 800 nihil
1730 745 1883 800 aliud
1921 746 2256 809 desiderari,

359 846 519 901 quam
562 827 787 899 „ipsam
824 827 1136 883 methodum
1174 829 1457 883 veritatem
1497 825 1863 881 infallibiliter
1900 824 2255 896 detegendi.'’

358 907 556 963 Omnia
593 924 722 961 vero
762 926 944 979 „quae
983 909 1128 963 circa
1148 909 1315 962 talem
1339 905 1659 962 Methodum
1686 909 2095 976 exponerentur
2120 905 2254 960 frus*

358 992 519 1043 tanea
556 988 766 1053 forent,
816 988 862 1042 si
901 989 1031 1060 quid
1069 1007 1257 1044 verum
1295 991 1351 1042 et
1386 986 1585 1040 falsum
1632 986 1705 1039 sit
1742 983 2033 1056 ignores,”
2090 1002 2254 1058 quare

363 1067 882 1131 „determinandum
921 1067 1074 1122 esse'’
1115 1069 1256 1123 dicit
1292 1066 1584 1123 infallibile
1627 1066 1959 1126 remedium,
2024 1082 2139 1136 quo
2172 1083 2251 1119 ve-

357 1163 475 1202 rum
531 1152 587 1201 et
642 1146 840 1201 falsum
896 1152 1046 1202 certo
1089 1148 1344 1217 cognosci
1384 1164 1659 1218 unumque
1696 1146 1767 1200 ab
1804 1144 1978 1200 altero
2018 1143 2249 1201 discerni

363 1230 546 1298 queat.
624 1226 747 1281 Hoc
803 1230 988 1281 autem
1038 1257 1111 1267 —
1159 1227 1293 1298 quid
1350 1244 1542 1297 nempe
1596 1243 1783 1280 verum
1841 1225 2157 1297 falsumque
2188 1253 2251 1266 --·

358 1310 640 1378 perspecto
662 1353 676 1368 ,
747 1306 882 1370 „via
943 1306 1048 1361 erit
1106 1306 1593 1376 praemonstranda
1633 1305 2010 1378 cognitionem
2054 1321 2251 1376 semper

354 1391 594 1441 nostram
651 1386 718 1438 de
771 1387 1001 1439 veritate
1049 1385 1119 1439 ad
1156 1386 1444 1441 veritatem
1480 1385 1683 1456 absque
1720 1386 1826 1440 fine
1862 1382 2240 1445 extendendi*³

353 1471 409 1522 et
463 1465 697 1536 denique
755 1464 1188 1535 „impedimenta
1245 1463 1605 1518 removenda'’
1664 1469 1857 1526 erunt.
1918 1481 2069 1535 quae
2118 1462 2234 1518 veri-

358 1547 459 1600 tati
524 1543 887 1615 acquirendae
943 1545 1183 1600 obstant.
1280 1543 1440 1604 Quae
1497 1543 1852 1615 praefationis
1911 1545 2159 1615 cogitata
2198 1542 2236 1596 si

357 1625 580 1679 omnino
635 1623 944 1695 Spinozana
994 1622 1108 1695 jam
1148 1623 1399 1678 redolent
1437 1623 1733 1695 principia.
1795 1623 1987 1680 eadem
2048 1639 2241 1696 quoque

355 1705 516 1760 facile
574 1720 926 1776 recognosces
977 1705 1034 1758 in
1090 1701 1505 1760 Tschirnhausii
1558 1703 1823 1766 consilio,
1886 1705 1947 1758 in
1988 1703 2121 1760 libri
2158 1703 2230 1760 sei

355 1791 509 1858 parte
534 1785 709 1857 prima
735 1784 893 1839 nobis
918 1785 1168 1855 exposito
1185 1823 1203 1849 ,
1238 1802 1302 1839 ea
1328 1801 1403 1839 sc.
1434 1787 1651 1838 tantum
1676 1784 2050 1863 amplectendi
2076 1800 2249 1857 „quae

352 1898 425 1909 —
462 1867 544 1921 uti
599 1864 736 1920 dicit
789 1895 861 1905 —
909 1882 1026 1919 esse
1083 1882 1261 1919 meum
1324 1870 1650 1919 conservant
1704 1882 1801 1921 seu
1850 1863 2249 1921 conservationi

355 1964 504 2001 meae
541 1945 888 2007 conducunt,
949 1950 1009 1998 et
1046 1948 1241 2000 contra
1276 1962 1415 2016 quae
1456 1944 1589 1999 mihi
1637 1950 1869 2008 nocent,
1936 1944 1989 2001 h.
2030 1966 2085 2001 e.
2124 1960 2247 2019 quae

353 2043 470 2080 esse
525 2042 703 2079 meum
759 2024 1050 2078 destruunt
1088 2042 1185 2079 seu
1230 2024 1631 2079 conservationi
1679 2042 1829 2079 meae
1870 2024 2111 2089 obsunt.
2168 2025 2249 2079 de·

353 2102 664 2166 elinandi”;
724 2102 792 2158 ad
841 2104 985 2174 quod
1023 2100 1403 2169 efficiendum,
1468 2109 1524 2159 et
1564 2108 1675 2169 „ut
1709 2104 1951 2159 felicitas
1988 2105 2250 2161 dura-bilis

351 2188 796 2247 conservaretur,
852 2183 1133 2254 ingenium
1191 2183 1425 2256 (inquit)
1484 2202 1660 2239 meum
1718 2184 1967 2241 excolere
2006 2185 2247 2247 decrevi,

352 2270 617 2340 quantum
659 2263 972 2317 humanitus
1008 2262 1124 2317 fieri
1162 2268 1377 2333 potest,
1415 2281 1525 2335 quo
1562 2281 1689 2317 vere
1727 2265 1889 2319 utilia
1926 2264 2098 2321 abiis
2122 2280 2249 2338 quae

352 2348 488 2404 talia
541 2346 830 2400 dumtaxat
883 2343 1172 2406 videntur,
1236 2347 1386 2399 certo
1442 2342 1877 2413 dignoscerem.”
1916 2345 2041 2401 Nec
2082 2345 2253 2399 minus

354 2426 494 2485 illud
531 2424 898 2495 Spinozanum
915 2462 929 2485 ‚
970 2421 1115 2493 quod
1143 2422 1193 2476 ei
1228 2422 1489 2494 „sapiens
1516 2422 1723 2495 ignaris
1747 2422 1968 2479 infinito
1992 2421 2251 2479 interval-

355 2508 444 2563 lo'’
471 2507 594 2560 ideo
623 2503 878 2568 „beatior
905 2499 1032 2565 sit”,
1069 2502 1198 2573 quia
1224 2502 1323 2567 „hi
1353 2520 1631 2574 nunquam
1656 2502 1887 2557 solidam
1914 2502 2088 2557 animi
2110 2508 2251 2558 tran-

355 2584 684 2660 quillitatem
724 2582 828 2637 sibi
867 2581 1220 2654 acquirant”;
1264 2582 1423 2653 cujus
1460 2582 1679 2654 quidem
1716 2582 1769 2637 ei
1808 2583 2103 2654 „genuina
2128 2583 2253 2637 haec

357 2674 440 2724 est
476 2681 672 2722 causa:
714 2662 913 2733 partim
949 2661 1093 2733 quod
1133 2663 1245 2717 fere
1282 2681 1493 2735 semper
1531 2664 1693 2735 unice
1731 2663 1801 2719 ad
1839 2663 1897 2719 id
1924 2663 2247 2725 attendant,

355 2748 498 2821 quod
556 2743 690 2815 ipsis
745 2741 929 2806 deest,
986 2758 1216 2813 cumque
1256 2741 1357 2799 hoc
1394 2745 1578 2816 magni
1616 2744 1907 2799 aestiment
1944 2744 2106 2812 (licet
2142 2760 2249 2799 sae-

357 2827 578 2899 pissime
616 2822 833 2879 nonnisi
873 2822 940 2875 ad
980 2822 1271 2878 mutabilia
1310 2822 1452 2877 bona
1483 2826 1717 2894 spectet)
1756 2840 1853 2888 ac,
1910 2822 1973 2878 in
2010 2840 2247 2895 quocun·

357 2924 462 2978 que
499 2906 646 2957 statu
684 2902 906 2963 vivant,
949 2903 1253 2956 necessario
1290 2902 1612 2973 contingat,
1657 2908 1719 2957 ut
1754 2901 1891 2971 ipsis
1918 2918 2132 2973 semper
2154 2900 2251 2955 ali·

357 2984 488 3057 quid
544 2979 719 3043 desit,
781 2980 1220 3051 frequentissima
1275 2982 1439 3036 etiam
1482 2980 1754 3037 'tristandi
1804 2980 1967 3035 detur
2002 2980 2245 3040 occasio:

360 3061 558 3135 partim
611 3058 756 3131 quod
819 3076 1096 3131 nunquam
1153 3062 1250 3113 aut
1294 3076 1415 3114 raro
1451 3060 1519 3113 ad
1560 3060 1651 3127 id,
1713 3060 1859 3132 quod
1898 3060 2035 3132 ipsis
2070 3059 2253 3121 adut,
