2432 3554
1174 190 1291 250 358

1153 371 1307 442 512.

356 513 628 568 Narrante
683 513 878 568 Colero
930 514 1192 585 epistolae
1249 512 1544 568 nonnullae
1599 512 1743 568 inter
1790 511 2087 584 Spinozam
2124 519 2181 568 et

288 577 574 665 Stoupium
602 591 970 658 Helvetieum‚
999 595 1329 664 praefectum
1351 595 1685 650 Francorum
1705 592 2021 652 militarem.
2050 593 2185 647 dum

287 672 523 744 Trajecti
580 673 647 726 ad
704 673 956 728 Rhenum
1011 674 1268 741 degebat,
1328 673 1489 728 datae
1525 675 1705 736 fuere,
1746 689 1881 742 quas
1910 671 2187 742 Spinozae

284 752 390 808 iter
414 752 480 806 ad
511 751 695 806 urbem
723 753 872 807 illam
899 754 1097 822 (mensi
1121 751 1305 818 Julio,
1349 754 1430 808 uti
1458 754 1702 818 videtur,
1732 751 1899 820 1673)
1928 757 2185 808 secutum

284 837 384 889 est.
443 833 618 886 Recte
652 837 834 886 autem
873 833 931 888 in
967 833 1083 888 vita
1117 841 1305 890 nostra
1340 833 1423 888 M.
1454 833 1507 889 S.
1534 832 1991 888 animadvertitur
2016 831 2185 886 Stou-

283 912 430 983 pium
453 953 465 974 ,
508 912 565 966 in
604 911 791 966 libello
829 930 928 967 sno
965 912 1030 966 de
1069 913 1467 968 Hollandorum
1504 912 1828 984 Religione‚
1877 911 1938 965 in
1976 910 2183 967 litteris

281 991 370 1046 die
409 990 440 1048 7
478 1009 549 1047 m.
593 990 732 1060 Maii
770 991 933 1056 datia,
975 991 1263 1064 Spinozam
1290 992 1468 1048 adhuc
1496 991 1744 1058 „malum
1772 990 2049 1045 Judaeum
2078 1008 2183 1046 nec

281 1070 553 1125 meliorem
599 1070 1005 1136 Christianum,
1045 1070 1495 1144 Atheistamque”
1536 1089 1727 1126 vocare
1777 1070 2175 1135 „Atheismum

283 1150 460 1222 palam
499 1149 882 1221 profitentem”
919 1150 1078 1222 cujus
1115 1171 1291 1224 neque
1328 1152 1683 1206 habitationis
1728 1151 1911 1206 locum
1950 1150 2177 1206 omnino

279 1233 556 1302 cognitum
617 1232 869 1287 habuisse
907 1233 1124 1288 videtur
1163 1235 1236 1302 ¹);
1298 1232 1441 1286 unde
1478 1231 1916 1287 concludendum
1956 1231 2173 1302 ipsum,

279 1311 602 1365 adhortante
640 1311 896 1382 Principe
932 1311 1218 1375 Condae0‚
1270 1312 1319 1366 ei
1359 1312 1574 1367 demum
1614 1309 1931 1381 scripsisse,
1971 1310 2173 1382 quippe

279 1389 373 1461 qui
422 1391 776 1445 scientiarum
813 1395 869 1444 et
905 1390 1277 1462 philosophiae
1314 1395 1522 1446 amator
1560 1390 1945 1461 philosophum
1987 1389 2170 1447 Ultra..

274 1470 480 1542 jectum
520 1470 586 1524 ad
627 1487 684 1524 se
721 1471 944 1526 invitari
982 1471 1232 1542 cupierit.
1274 1470 1537 1541 Princeps
1572 1488 1703 1528 vero
1736 1473 1867 1527 ante
1904 1470 2157 1542 Spinom

276 1551 573 1606 adventum
605 1550 716 1620 jam
755 1551 951 1606 abiisse
987 1551 1223 1608 videtur.

349 1631 502 1687 Idem
558 1629 785 1686 Colerus
839 1631 1102 1703 Spinozae
1142 1635 1367 1686 mortem
1406 1631 1677 1694 referens,
1741 1629 2075 1687 moribundo
2104 1627 2174 1707 ab

273 1711 447 1765 amico
484 1727 583 1763 suo
623 1710 830 1766 medico
860 1711 1007 1765 Lud.
1037 1711 1263 1783 Meyero
1288 1709 1667 1766 fraudulenter
1692 1711 1959 1783 quaedam
1984 1709 2177 1767 ablata

272 1808 389 1844 esse
427 1793 642 1855 narrat,
683 1792 771 1845 cui
811 1791 1136 1862 rejiciendae
1171 1791 1400 1845 omnino
1432 1790 1651 1845 fabulae
1688 1794 1835 1844 recte
1872 1790 2024 1844 vitae
2048 1807 2173 1845 nos-

271 1874 388 1925 trae
437 1875 628 1925 auctor
663 1872 721 1925 in
757 1873 1117 1929 annotatione
1153 1889 1214 1927 se
1248 1869 1535 1941 opposuit,
1587 1869 1909 1925 incredibile
1944 1884 2178 1940 prorsus

266 1950 520 2022 judicans
558 1952 842 2023 Meyerum
880 1952 1090 2024 aliquid
1129 1957 1240 2006 tam
1262 1950 1371 2005 vile
1397 1950 1572 2004 facere
1600 1948 1871 2011 voluisse;
1914 1952 2175 2002 autumat

271 2030 454 2103 potius
509 2031 888 2085 moribundum
953 2033 1002 2087 ei
1057 2030 1441 2103 philosophum
1486 2045 1663 2100 pauca
1698 2028 1797 2083 illa
1835 2028 1891 2083 in
1932 2028 2020 2082 sui
2066 2044 2175 2081 mee

271 2110 492 2165 moriam
531 2115 587 2165 et
623 2110 693 2165 ad
737 2110 959 2165 servitia
993 2110 1116 2180 ejus
1152 2106 1549 2163 remuneranda
1581 2106 1869 2162 donavisse
1892 2110 1962 2176 ⁸).
2001 2105 2189 2167 Viden

265 2250 387 2261 --n

328 2320 352 2366 1
417 2319 570 2377 „Dion
604 2320 709 2365 heer
741 2318 828 2365 had
865 2318 1027 2379 weinig
1055 2320 1161 2380 tijds
1191 2332 1305 2365 voor
1336 2316 1413 2363 dat
1446 2318 1504 2375 hy
1538 2312 1733 2376 Spinoza
1766 2315 1932 2363 binnan
1965 2314 2182 2363 Uti-echt-

266 2391 498 2446 veracem,
531 2404 614 2435 een
648 2390 810 2449 werkje
843 2390 897 2449 by
930 2394 1050 2448 wijae
1083 2405 1172 2435 van
1199 2388 1393 2437 Brieven
1426 2386 1477 2433 in
1506 2389 1541 2433 ‘t
1558 2386 1671 2433 licht
1685 2402 1911 2447 gegeveng
1942 2385 1991 2433 in
2010 2387 2174 2433 welhe:

267 2462 323 2508 3e
371 2460 488 2507 brief
533 2476 618 2508 van
667 2460 750 2506 den
799 2460 913 2511 'Iden
945 2459 1053 2520 May
1088 2461 1208 2511 1673
1254 2461 1311 2519 hy
1343 2464 1501 2514 tacut,
1550 2457 1635 2505 doe
1666 2459 1782 2505 noch
1816 2457 2053 2517 onknndig
2082 2474 2176 2505 van

266 2529 496 2591 Spinoza's
543 2528 862 2590 verblijfplaats
908 2538 955 2576 te
983 2534 1072 2589 aijn
1103 2538 1321 2589 geweeet3
1370 2535 1523 2575 voorte
1554 2528 1674 2589 geest
1706 2530 1765 2589 hy
1798 2528 1881 2575 wel
1908 2534 1959 2577 te
1991 2528 2173 2575 konnen

262 2604 300 2648 't
331 2602 480 2649 Traet.
512 2601 668 2648 Theol.
700 2600 800 2649 Pol.
830 2608 876 2647 te
909 2599 1076 2647 hebben
1107 2600 1305 2660 gelmon,
1340 2614 1399 2647 en
1432 2599 1627 2660 spinam
1659 2614 1771 2647 voot
1800 2599 1987 2647 desult-
2010 2601 2169 2659 sobi-ij-

264 2686 342 2718 ver
387 2678 435 2717 te
478 2672 672 2729 boudm5
721 2671 836 2718 doch
869 2672 929 2731 hy
961 2671 1079 2718 heeft
1110 2688 1197 2719 van
1228 2670 1313 2717 den
1344 2684 1425 2717 een
1458 2684 1517 2715 en
1546 2668 1685 2717 ander
1713 2685 1831 2730 geen
1864 2669 1997 2719 breed
2029 2670 2164 2717 denk-

263 2741 401 2788 beeld.
466 2741 684 2802 Waarnyt
725 2744 770 2787 ’k
813 2742 1009 2803 beslnyt‚
1058 2742 1138 2791 dat
1165 2744 1227 2802 hy
1260 2742 1365 2789 kort
1394 2740 1563 2787 dam-an
1592 2746 1711 2789 eei-st
1742 2740 1905 2789 kennia
1934 2742 2180 2805 gekregen

263 2811 510 2870 hebbende‚
564 2828 682 2859 waar
729 2812 922 2874 Spinoza
969 2812 1066 2859 nich
1098 2811 1324 2869 onthield‚
1373 2811 1467 2859 niet
1499 2811 1643 2859 alleen
1674 2811 1785 2859 door
1818 2812 2169 2874 aanprikkehng

261 2897 349 2928 van
379 2884 506 2941 eigen
539 2882 974 2944 nieuwsgierigheid.
1024 2899 1148 2931 maan·
1178 2890 1319 2933 meost
1351 2900 1409 2944 op
1444 2884 1601 2931 order-e
1632 2900 1691 2931 en
1720 2882 1933 2944 besseeroe
1960 2899 2045 2931 van
2079 2884 2171 2931 den

261 2952 394 3013 Ptine
427 2970 512 3000 vnn
547 2954 702 3001 Cende
735 2959 806 3000 tot
835 2958 1002 3013 zijnent
1035 2956 1134 3001 hem
1167 2956 1375 3003 venocht
1408 2956 1574 3005 heeft?⁹

323 3025 354 3069 2
417 3023 635 3080 „Color-us
669 3023 943 3083 beschuldigt
976 3024 1101 3080 hem,
1131 3023 1208 3070 dat
1240 3027 1300 3085 hy
1330 3040 1412 3073 een
1444 3026 1639 3075 ducaton
1669 3026 1875 3086 eneenig
1894 3025 2017 3073 klein
2032 3026 2169 3084 gold,

270 3093 492 3139 benevens
521 3108 604 3139 een
635 3108 727 3139 mes
757 3099 846 3140 met
876 3109 960 3141 een
988 3094 1124 3141 silver
1153 3095 1315 3153 hecht,
1344 3096 1505 3145 tweike
1534 3097 1733 3159 spinea
1760 3111 1820 3157 op
1850 3094 1907 3143 de
1936 3095 2047 3143 tate]
2079 3094 2167 3146 had
