2432 3554
1331 211 1443 268 166

444 368 483 421 i.
524 386 572 424 e.
609 387 707 424 ens
730 371 959 425 rationis
978 409 995 434 ,
1035 388 1143 424 non
1171 387 1301 424 vero
1327 387 1423 424 ens
1455 370 1600 423 reale
1627 370 1728 432 sit,
1751 367 1914 423 ‘nihil
1937 367 2006 422 ab
2031 385 2089 422 ea
2112 364 2288 422 causati

446 452 663 517 potest;
718 467 842 503 nam
900 467 967 504 ex
1018 449 1191 504 nihilo
1249 447 1390 504 nihil
1444 451 1519 506 fit.
1593 449 1786 520 Neque
1824 449 1994 518 igitur
2030 445 2288 516 rogandum

445 532 627 583 utrum
664 529 835 584 libera
870 530 944 583 sit
986 545 1172 582 necne.
1232 527 1310 582 Ut
1346 536 1527 582 autem
1567 530 1932 600 percipiamus
1969 545 2094 581 num
2127 528 2179 580 in
2211 525 2292 578 hac

442 605 608 662 illave
633 608 978 679 particularis
1009 607 1288 663 Volitione
1313 609 1352 663 i.
1383 626 1432 661 e.
1463 607 1848 670 affirmatione,
1895 606 1981 661 vel
2007 607 2286 678 negatione.
2363 675 2365 682 Ι

445 684 603 742 liberi
628 688 798 742 simus
825 705 994 743 necne
1012 726 1029 751 ,
1071 689 1378 743 meminisse
1403 693 1618 742 tantum
1645 695 1890 760 oportet,
1932 684 2003 746 τὸ
2027 685 2292 755 intelligere

444 787 631 842 puram
658 789 775 826 esse
801 771 1135 842 passionem,
1177 771 1235 825 id
1273 776 1356 824 est
1393 787 1569 825 rerum
1612 774 1878 828 essentiae
1905 772 2294 840 existentiseque

444 853 501 905 in
553 858 731 905 mente
778 852 1207 921 perceptionem;
1249 853 1330 905 ita
1367 855 1430 905 ut
1467 869 1745 922 nunquam
1783 855 1888 926 ipsi
1927 857 1992 909 de
2031 873 2085 909 re
2119 848 2292 923 aliquid

444 929 767 984 affirmemus
812 928 898 983 vel
937 947 1228 1001 negemus,
1291 931 1410 1000 ipsa
1446 948 1575 987 vero
1611 934 1687 987 sit
1724 951 1808 988 res
1847 953 1986 1007 quae
2022 934 2214 1006 aliquid
2243 930 2294 982 de

447 1027 503 1064 se
540 1011 599 1064 in
636 1011 793 1064 nobis
831 1009 1057 1065 affirmet
1096 1009 1181 1064 vel
1221 1016 1398 1080 neget.

520 1329 591 1383 Et
638 1344 963 1398 quamquam
1022 1327 1276 1381 nonnulli
1331 1327 1558 1383 fortasse
1613 1329 1718 1386 hoc
1774 1333 2068 1388 concedere
2125 1331 2291 1386 nolint.

448 1407 648 1479 quippe
702 1407 899 1479 quibus
956 1407 1207 1461 videatur
1263 1423 1320 1460 se
1375 1406 1525 1462 aliud
1576 1409 1708 1480 quid
1747 1412 1814 1466 de
1855 1429 1910 1466 re
1947 1413 2199 1467 affirmare
2231 1405 2292 1460 vei

451 1503 647 1557 negare
702 1503 888 1558 posse.
946 1503 1110 1558 quam
1148 1485 1306 1556 cujus
1345 1486 1412 1539 de
1449 1503 1506 1541 re
1543 1491 1748 1545 conscii
1788 1490 1932 1554 sint;
1986 1492 2086 1546 hoc
2119 1495 2291 1545 tantum

450 1567 577 1622 inde
614 1567 862 1637 procedit
882 1609 896 1629 ,
955 1565 1101 1636 quod
1138 1565 1430 1620 discrimen
1469 1585 1580 1622 non
1615 1569 1823 1625 faciant
1860 1571 2006 1625 inter
2044 1571 2204 1625 ideam
2235 1565 2292 1620 rei

2363 629 2365 638 η

450 1647 509 1701 in
568 1651 745 1701 mente
790 1652 845 1701 et
883 1645 1049 1701 verba
1084 1645 1286 1716 quibus
1323 1645 1422 1700 issa
1457 1648 1800 1718 exprimitur.
1875 1649 2080 1705 Verum
2115 1646 2292 1722 quidem
2367 1677 2369 1682 -

450 1732 534 1781 est
571 1726 815 1799 (quando
854 1725 1093 1782 rationes
1130 1725 1334 1781 adsunt
1371 1742 1509 1796 quae
1545 1728 1616 1784 ad
1654 1728 1794 1784 illud
1832 1747 1934 1785 nos
1972 1731 2200 1798 movent)
2221 1740 2294 1780 nos

449 1806 575 1862 eliis
592 1848 605 1870 ,
646 1806 761 1861 sive
786 1806 967 1862 verbis
992 1805 1105 1862 sive
1132 1806 1258 1861 aliis
1286 1808 1694 1875 instrumentis,
1733 1810 1800 1864 de
1827 1826 1886 1865 re
1915 1810 2068 1866 aliud
2095 1809 2291 1865 indicare

450 1905 609 1960 quam
650 1889 809 1959 cujus
833 1889 1039 1945 conscii
1066 1904 1286 1949 sumus:
1329 1904 1608 1959 nunquam
1633 1906 1760 1944 vero
1777 1932 1790 1951 ,
1832 1908 2010 1963 neque
2035 1890 2198 1944 verbis
2219 1899 2294 1939 nec

452 1968 577 2024 eliis
612 1968 937 2040 quibusdam
977 1967 1392 2030 instrumentis,
1432 1967 1753 2033 efficiemus,
1799 1973 1860 2024 ut
1898 1971 1966 2025 de
1994 1971 2146 2026 rebus
2167 1968 2292 2023 aliter

452 2050 751 2106 sentiamus
806 2068 966 2121 quam
1023 2050 1289 2111 facimus;
1346 2050 1490 2119 quod
1535 2050 1788 2105 omnibus
1825 2049 2032 2106 clarum
2071 2057 2174 2111 est,
2222 2047 2291 2116 qui

450 2131 671 2187 omnino
707 2134 863 2184 extra
898 2128 1183 2184 verborum
1224 2128 1308 2183 vel
1337 2127 1567 2183 aliorum
1595 2128 1874 2199 signorum
1901 2148 2058 2185 usum
2083 2130 2144 2183 ad
2167 2122 2292 2182 intol-

452 2211 652 2266 lectum
690 2227 849 2264 suum
886 2208 1063 2265 solum
1098 2207 1414 2264 attendunt.

526 2599 631 2654 Cui
657 2598 911 2653 nonnulli
936 2598 1165 2653 fortasse
1192 2596 1565 2651 contradicere
1603 2601 1852 2665 possent,
1893 2596 2068 2666 quod,
2108 2592 2200 2648 nisi
2223 2602 2300 2642 nos

455 2684 777 2749 tentumque
834 2692 920 2733 res
975 2676 1047 2731 sit
1086 2694 1226 2748 quae
1264 2677 1330 2731 de
1370 2694 1424 2731 se
1463 2676 1698 2731 affirmat
1736 2680 2038 2747 negatque,
2095 2672 2164 2728 nil
2197 2682 2300 2737 ergo

452 2760 704 2819 affirmari
761 2759 849 2813 vel
904 2758 1090 2829 negari
1147 2757 1322 2828 possit
1376 2756 1483 2811 nisi
1541 2756 1686 2827 quod
1731 2772 1858 2811 cum
1912 2772 1970 2810 re
2019 2750 2296 2811 conveniat.

456 2859 629 2912 neque
668 2839 841 2910 igitur
875 2838 1172 2893 salsitatem
1210 2837 1483 2897 existere;
1524 2852 1661 2907 quae
1701 2837 1846 2891 enim
1874 2835 1932 2891 in
1959 2853 2022 2892 eo
2045 2830 2294 2889 consistat,

456 2926 519 2975 ut
554 2918 764 2989 aliquid
802 2918 868 2973 de
907 2936 963 2973 re
1000 2916 1302 2972 affirmetur
1340 2914 1426 2971 vel
1466 2919 1728 2986 negetur,
1792 2916 1940 2987 quod
1977 2932 2096 2971 cum
2129 2928 2179 2967 re
2212 2923 2296 2963 non
