2432 3554
1052 193 1167 250 329

164 351 313 410 tum:
355 349 483 403 item
525 349 656 420 quia
691 350 1179 415 animadverterat,
1223 353 1367 424 quod
1406 351 1552 407 ultra
1584 351 1801 414 modum
1828 351 1899 406 D.
1931 353 2050 409 Hu-

161 428 382 499 genium
419 429 756 485 aestimarem
779 473 793 492 ,
836 431 1038 504 absque
1077 431 1247 486 dubio
1270 432 1445 502 ipsius
1470 433 1704 504 vestigia
1730 435 2046 495 secuturus,

159 509 252 580 qui
291 527 478 564 omnes
515 511 872 568 Academicos
908 513 1052 584 apud
1091 511 1229 567 alios
1266 516 1666 576 contemneret,
1716 518 1772 566 et
1810 512 1888 566 sic
1926 513 2049 566 effe-

157 590 354 651 cisset,
415 593 476 644 nt
529 590 748 645 illorum
798 593 1096 647 Academia
1139 611 1247 647 non
1286 593 1345 648 in
1380 596 1538 648 tanto
1574 593 1824 648 aestimio
1863 600 2037 654 esset,

156 670 403 740 adeoque
457 671 562 724 mei
617 673 978 743 receptionem
1035 672 1394 728 dissuaderet.
1473 674 1632 733 Quae
1684 674 1866 729 omnia
1903 692 1936 728 a
1970 674 2043 727 D.

155 748 380 805 Borello
417 749 620 812 relata,
660 752 754 823 qui
795 753 923 807 mihi
964 752 1172 808 sincere
1208 753 1434 817 retulit,
1474 753 1605 825 quid
1644 753 1711 806 de
1740 771 1821 807 me
1849 754 1906 808 in
1932 754 2052 825 ipsa

156 831 460 888 Academia
495 831 718 887 dictum.
780 833 934 889 Haec
970 837 1026 887 et
1064 832 1237 888 multa
1275 831 1476 889 similia
1511 850 1635 888 cum
1672 833 1896 898 scirem,
1938 852 2049 888 non

155 910 424 974 mirabar,
482 912 628 982 quod
688 912 888 968 1'Abb6
941 912 1184 975 Gallois,
1250 912 1344 984 qni
1400 916 1513 967 tam
1569 913 1903 968 confidenter
1960 931 2046 967 me

154 990 438 1046 multoties
487 1007 737 1046 securum
775 993 978 1048 fecerat
1015 992 1082 1047 de
1120 1009 1239 1045 meo
1275 993 1491 1046 intento
1528 989 1856 1057 obtinend0‚
1900 999 2047 1064 post-

154 1070 410 1133 modum,
449 1086 572 1124 cnm
611 1087 696 1124 me
729 1072 842 1142 jam
881 1071 1046 1143 longo
1083 1076 1323 1141 tempore
1361 1071 1729 1126 detinuissent
1766 1072 1901 1127 satis
1926 1073 2047 1127 inu-

150 1153 330 1208 tiliter
364 1151 624 1214 Parisiis,
671 1157 727 1206 et
780 1153 960 1222 ipsum
996 1152 1308 1212 visitarem,
1368 1150 1501 1206 mihi
1539 1151 1839 1215 indicaret,
1899 1153 2046 1224 qnod

152 1232 347 1288 saltem
389 1248 472 1284 me
509 1230 578 1284 ad
617 1230 826 1286 abitum
867 1249 1078 1303 possem
1115 1247 1335 1302 parare,
1388 1231 1517 1302 quia
1556 1229 1611 1284 id
1648 1231 1792 1303 quod
1833 1231 2045 1286 deside-

152 1313 338 1368 rabam
396 1309 464 1365 ob
519 1311 732 1366 instans
790 1311 992 1367 bellum
1049 1312 1148 1367 hac
1203 1310 1321 1365 vice
1372 1309 1667 1381 impetratu
1704 1311 2043 1380 impossibile
2099 1359 2111 1374 ,

148 1398 314 1449 esset.
385 1393 735 1462 Quapropter
790 1392 1043 1448 ultimum
1099 1390 1398 1446 remedium
1437 1395 1577 1452 erat,
1634 1395 1695 1444 ut
1732 1390 1837 1462 ipsi
1877 1389 2045 1461 signi-

147 1476 370 1529 ficarem
425 1487 512 1523 me
567 1475 890 1526 contentum
936 1475 1048 1526 fore
1105 1471 1258 1542 (quia
1296 1487 1379 1523 me
1418 1469 1561 1524 haud
1598 1470 1677 1525 ita
1715 1487 1781 1526 ac
1818 1469 1913 1525 alii
1951 1489 2046 1525 no-

147 1556 312 1614 runt,
355 1554 412 1604 et
447 1550 588 1605 forte
626 1551 912 1606 crederent
949 1569 1032 1604 me
1067 1551 1179 1606 tale
1219 1550 1351 1621 quid
1389 1547 1459 1604 ob
1496 1549 1755 1620 pecunias
1782 1551 2045 1621 recipien-

147 1635 250 1688 das
287 1630 656 1699 desiderare),
717 1631 762 1684 si
803 1629 996 1684 saltem
1037 1649 1120 1685 me
1155 1631 1214 1685 in
1255 1630 1553 1684 membrum
1590 1631 1921 1686 Academiae
1968 1649 2047 1685 re-

146 1714 427 1786 ciperent,
467 1708 622 1764 nulla
658 1710 938 1775 assignata
975 1710 1267 1781 pensione,
1308 1711 1403 1764 sed
1444 1729 1525 1764 me
1562 1711 1701 1765 tales
1728 1728 2045 1783 progressus

149 1804 284 1849 tnnc
323 1809 434 1847 non
471 1808 632 1861 posse
669 1791 882 1854 facere,
921 1808 1059 1862 quos
1095 1790 1475 1861 promiseram,
1538 1792 1615 1855 si,
1655 1792 1917 1863 pensione
1954 1792 2047 1846 ob-

147 1878 333 1935 tenta,
376 1870 724 1941 coadjutores
761 1870 893 1926 mihi
931 1870 1231 1941 potuissem
1264 1870 1587 1935 conciliare,
1631 1872 1726 1943 qui
1753 1890 1862 1927 una
1881 1872 2045 1942 juxta

147 1970 326 2009 meam
380 1950 797 2022 dispositionem
855 1950 987 2005 mihi
1042 1949 1361 2019 adjumento
1411 1956 1608 2007 essent.
1680 1950 1821 2006 Cum
1858 1952 2045 2023 itaque

144 2030 446 2089 candidum
497 2048 676 2085 meum
726 2034 920 2101 pectus
958 2028 1128 2101 (quod
1167 2046 1467 2101 numquam
1504 2030 1609 2085 sibi
1646 2033 1926 2087 conscium
1963 2032 2042 2085 vi-

143 2111 344 2168 lissimi
379 2110 520 2165 lucri
557 2127 688 2181 ergo
725 2109 912 2165 studia
947 2110 1241 2179 tractasse)
1275 2110 1473 2164 melius
1510 2110 1637 2165 hinc
1675 2113 2037 2182 perspiceret,

145 2193 280 2248 mihi
321 2190 472 2244 brevi
510 2189 875 2260 significavit,
937 2193 1000 2243 ut
1037 2190 1108 2243 ad
1143 2190 1323 2261 ipsum
1364 2195 1692 2256 reverterer,
1752 2209 1860 2263 quo
1898 2194 2044 2247 facto

142 2272 359 2334 effecit,
422 2273 486 2323 ut
537 2269 686 2324 brevi
735 2270 794 2325 in
832 2270 1183 2324 Academiam
1228 2276 1478 2343 receptus
1515 2272 1746 2328 fuerim:
1806 2273 1873 2326 de
1912 2290 2041 2342 pen-

143 2356 298 2409 sione
337 2354 520 2405 antem
558 2350 639 2405 ita
677 2350 896 2407 locutus
933 2354 1018 2403 est
1053 2350 1235 2404 verbis
1262 2351 1565 2421 ambiguis,
1608 2356 1671 2406 ut
1694 2352 1914 2406 interim
1942 2368 2041 2407 nec

143 2437 332 2489 certus
369 2446 470 2485 nec
507 2430 752 2485 incertus
789 2430 920 2491 sim;
979 2446 1212 2501 cumque
1250 2447 1525 2501 rogarem,
1570 2449 1733 2495 num,
1774 2430 1921 2502 quod
1960 2448 2040 2485 re-

141 2516 338 2583 ceptus
393 2526 598 2573 essem,
663 2510 908 2581 ejusdem
964 2510 1042 2563 rei
1093 2510 1269 2565 literis
1307 2510 1471 2565 certis
1510 2527 1618 2565 non
1657 2511 2031 2569 confirmarer,

144 2598 210 2647 nt
269 2590 410 2645 alias
456 2590 572 2644 fieri
624 2589 766 2643 solet
813 2590 872 2644 in
910 2588 1212 2654 similibus,
1270 2589 1461 2645 retulit
1499 2606 1660 2661 super
1696 2589 1797 2645 hac
1836 2608 1892 2644 re
1931 2605 2041 2644 non

143 2673 264 2728 dari
315 2670 484 2724 ullam
523 2670 883 2739 scripturam,
943 2686 1043 2724 nec
1081 2670 1148 2723 de
1185 2669 1445 2740 pensione
1483 2669 1645 2723 aliam
1684 2672 2039 2724 asseveratio-

143 2770 270 2807 nem
313 2768 410 2823 que
451 2751 518 2804 de
553 2750 612 2803 la
640 2750 826 2818 parole
859 2751 923 2803 de
958 2750 1068 2804 Mr.
1111 2748 1335 2803 Golbert.
1381 2748 1665 2803 Similibus
1701 2748 1882 2804 verbis
1919 2752 2037 2803 ute-

145 2833 308 2887 batur
345 2846 562 2900 qnoque
600 2830 667 2885 D.
706 2828 959 2892 ambert,
999 2845 1125 2883 cum
1165 2828 1271 2899 ipsi
1309 2828 1379 2883 ob
1416 2830 1779 2902 receptionem
1820 2847 2033 2901 agerem

142 2914 388 2985 gratias,
429 2910 696 2974 dicendo,
736 2909 882 2981 quod
920 2926 1058 2980 quae
1103 2907 1368 2963 hactenus
1396 2910 1874 2965 communicassem
1897 2912 2039 2965 Aca-

143 2993 356 3048 demiae
391 2990 498 3062 ipsi
537 2989 900 3061 placuissent,
943 2988 990 3043 si
1025 2989 1403 3043 continuarem
1427 2991 1505 3045 sic
1524 2988 1772 3061 progredi
1792 3028 1809 3053 ,
1849 3006 1905 3045 se
1932 2989 2038 3043 effi-

139 3088 264 3129 cere
299 3070 442 3126 velle
491 3074 553 3125 ut
595 3088 680 3124 me
717 3068 960 3140 ejusdem
985 3069 1065 3123 rei
1093 3086 1202 3123 non
1228 3068 1563 3140 poeniteret,
1603 3070 1817 3142 aliaque
1843 3086 2039 3142 pauca,
