2432 3554
1305 152 1420 207 184

409 328 508 365 nos
546 312 789 381 profecto
828 314 961 367 tunc
1002 310 1185 367 dicere
1225 312 1496 383 possimus
1535 310 1612 366 nil
1651 310 1888 384 amplius
1927 310 1984 367 in
2025 310 2164 365 nobis
2184 328 2284 365 esse·

480 468 561 524 Ut
616 470 785 541 igitur
843 470 1033 527 harum
1098 470 1386 544 utriusque
1446 472 1670 527 effectus
1719 472 1864 527 clare
1902 470 2262 541 inteiligamus.

409 554 697 621 utramque
738 554 914 623 primo
954 569 1051 622 pro
1090 570 1177 617 se,
1237 551 1438 606 deinde
1476 550 1815 623 conjunctim
1855 551 2014 607 nobis
2052 568 2268 623 propone-

410 648 561 695 mus,
606 632 685 685 uti
724 636 781 686 et
820 632 986 687 unius
1025 630 1364 704 alteriusque
1403 630 1648 687 effectus,

480 788 875 845 Extensicnem
916 789 1087 862 igitur
1128 790 1298 845 solam
1338 788 1778 853 consideranteS,
1823 789 1902 846 nil
1942 789 2091 846 aliud
2127 790 2278 846 inilia

407 870 767 941 perspicimus
822 870 930 925 nisi
980 876 1187 925 motum
1228 874 1284 925 et
1319 870 1592 943 quietem,
1651 888 1680 925 e
1717 869 1920 943 quibus
1957 888 2140 925 omnes
2172 868 2276 924 inde

408 950 767 1023 procedentes
823 952 1047 1007 effectus
1102 952 1432 1007 invenimus.
1529 950 1780 1025 Suntque
1817 952 1927 1007 duo
1965 950 2059 1006 isti
2095 950 2150 1005 in
2183 964 2270 1005 cor·

408 1047 537 1102 pore
576 1032 719 1086 modi
769 1032 821 1101 ¹)
872 1031 1041 1097 taleS‚
1101 1036 1165 1088 ut
1204 1030 1358 1087 nulla
1395 1050 1486 1086 eac
1523 1032 1634 1087 alia
1669 1048 1786 1097 res,
1829 1048 1993 1105 quam
2031 1048 2088 1085 se
2121 1030 2266 1101 ipsae·

409 1116 621 1165 mutare
676 1112 885 1181 ppssit:
942 1114 1025 1168 uti
1063 1131 1115 1167 v.
1177 1131 1222 1171 c.
1261 1110 1481 1185 quando
1519 1110 1660 1185 lapis
1697 1113 1955 1167 immotus
1985 1110 2152 1181 jacet,
2199 1110 2269 1164 im·

408 1190 666 1261 possibile
717 1196 800 1245 est
856 1210 980 1247 eum
1036 1193 1314 1264 cogitandi
1357 1191 1605 1263 potentia
1639 1189 1728 1245 vel
1771 1189 1882 1247 alia
1919 1208 1976 1245 re
2014 1189 2117 1245 nisi
2155 1193 2270 1243 motu

408 1269 523 1325 solo
586 1270 823 1334 moveri,
878 1270 970 1327 ubi
1010 1290 1201 1343 nempe
1243 1272 1386 1328 alius
1425 1268 1564 1343 lapis
1601 1270 1860 1343 majorem
1901 1274 2108 1325 motum
2143 1270 2272 1341 quani

406 1350 562 1422 quies
613 1350 731 1420 ejus
790 1350 1023 1418 habens,
1080 1370 1201 1407 eum
1263 1366 1476 1405 movere
1534 1350 1728 1412 faciat:
1789 1350 1872 1405 uti
1930 1354 1987 1405 et
2024 1350 2158 1421 lapis
2185 1364 2272 1401 mo-

406 1446 540 1483 vens
580 1430 857 1501 quiescere
897 1432 1161 1502 nequeat,
1208 1428 1315 1483 nisi
1355 1429 1464 1485 alia
1503 1448 1562 1483 re
1589 1430 1849 1485 minorem
1879 1435 2085 1491 motum
2111 1427 2272 1483 haben·

409 1511 480 1564 te.
552 1508 714 1565 Unde
772 1510 1019 1581 sequitur
1076 1508 1290 1563 nullum
1348 1510 1629 1579 cogitandi
1687 1510 1904 1565 modum
1965 1511 2022 1564 in
2079 1519 2269 1577 corpore

409 1592 613 1642 motum
652 1588 739 1643 vel
778 1590 1015 1660 quietem
1054 1590 1352 1661 producere
1390 1605 1567 1659 posse.

482 1890 777 1954 Attamen,
839 1891 1137 1946 secundum
1178 1891 1234 1946 id
1281 1889 1428 1961 quod
1471 1889 1531 1944 in
1576 1891 1731 1945 nobis
1772 1891 2128 1962 percipimua,
2183 1884 2272 1944 fleri

408 1972 621 2041 potest,
676 1973 739 2024 ut
776 1986 1002 2042 corpuS,
1046 1969 1193 2042 quod
1227 1969 1286 2025 in
1325 1985 1489 2024 unam
1522 1973 1730 2039 partem
1765 1973 1975 2024 motum
2001 1969 2113 2040 jam
2144 1966 2275 2022 habat

410 2048 479 2102 ad
516 2048 741 2103 alteram
772 2050 989 2113 tendat,
1035 2049 1115 2104 uti
1144 2048 1364 2121 quando
1385 2048 1666 2104 brachium
1693 2065 1872 2104 meum
1899 2048 2158 2116 extendo,
2187 2059 2276 2117 qm

408 2127 581 2183 efficio
618 2133 681 2183 ut
718 2129 943 2200 spiritus
984 2133 1189 2184 motum
1227 2146 1386 2183 suum
1409 2171 1423 2193 ,
1488 2147 1588 2185 nec
1626 2148 1756 2185 vero
1792 2131 1956 2195 illuc,
2019 2131 2272 2186 habentes,

409 2225 473 2262 eo
525 2208 636 2280 jam
694 2210 955 2271 tendant:
1016 2226 1125 2263 ncn
1184 2225 1394 2277 semper
1431 2227 1592 2276 veru,
1653 2211 1747 2266 sed
1786 2211 2089 2266 secundum
2121 2222 2274 2262 eornm

405 2288 763 2360 qualitatem,
823 2289 905 2343 uti
960 2291 1147 2358 postea
1206 2287 1431 2344 dicitur.
1507 2290 1682 2361 Cujus
1717 2291 1795 2346 rei
1835 2308 2004 2347 causa
2035 2293 2144 2352 est,
2197 2298 2278 2340 uec

408 2368 518 2422 alia
557 2387 673 2423 esse
712 2373 924 2439 potest,
964 2368 1111 2439 quod
1140 2385 1325 2433 mene,
1367 2368 1567 2441 quippe
1604 2387 1746 2443 quae
1782 2373 2026 2442 corporis
2063 2370 2130 2424 sit
2151 2365 2276 2425 idea,

407 2447 487 2502 ita
522 2465 645 2503 cum
674 2448 839 2504 hocce
876 2449 1035 2504 unita
1060 2454 1145 2504 est
1161 2491 1175 2511 ,
1216 2451 1282 2502 ut
1307 2447 1646 2518 conjunctim
1666 2469 1838 2506 unum
1862 2455 2042 2506 totum
2059 2445 2280 2504 efficiant.

477 2861 644 2920 Quod
683 2861 751 2916 ad
790 2861 1019 2918 alterius
1056 2864 1170 2918 sive
1198 2865 1498 2937 cogitantis
1523 2863 1779 2920 attributi
1807 2863 2062 2925 effect-us,
2099 2851 2280 2929 pruffli-

411 2977 483 2989 —

467 3038 503 3093 Ι)
565 3035 671 3082 Duo
702 3038 846 3084 modi.-
881 3037 1009 3096 quiec
1042 3038 1159 3086 enim
1194 3040 1314 3088 nihil
1346 3056 1438 3088 non
1472 3048 1556 3088 est.
