2432 3554
1269 175 1348 234 44

357 335 462 392 tali
501 334 714 390 ratione
749 350 890 390 oum·
913 351 1078 390 eausa
1115 353 1212 390 sua
1252 335 1607 406 conjunctum
1648 351 1893 396 manere,
1946 334 2096 406 quod
2134 351 2257 390 oum

351 434 426 470 oa
464 431 632 469 unum
671 419 846 468 totum
885 413 1108 470 efficiat:
1149 414 1297 486 quod
1336 415 1381 470 si
1420 414 1499 470 ita
1535 419 1649 480 est,
1689 415 1871 478 Deua,
1912 415 1995 470 uti
2025 413 2259 472 mihivi-

359 497 554 559 detur,
609 511 776 550 eausa
830 495 1132 551 immanens
1187 513 1304 552 osse
1354 496 1578 566 nequitz
1634 495 1682 548 si
1738 494 1882 550 enim
1944 494 2063 564 ipse
2102 498 2160 548 et
2195 493 2255 548 id

351 574 505 649 quod
559 575 630 629 ab
667 592 732 630 eo
769 575 1094 646 productum
1133 581 1216 630 est
1258 593 1423 633 unum
1460 580 1639 632 totum
1676 575 1945 638 efficiant,
1988 574 2113 630 Deo
2151 591 2260 632 uno

356 661 601 728 tempore
658 654 782 726 plus
817 655 1087 710 essent-iae
1125 652 1385 712 attribuis
1420 673 1585 728 quam
1620 654 1747 712 alio.
1818 653 1985 714 Quod
2024 652 2257 712 dubium

355 736 524 800 mihi,
566 751 782 807 precor,
825 733 1048 791 adimas,

432 895 654 964 Theoph.
731 892 790 948 Si
843 896 928 957 te,
985 893 1241 958 Iit-asma,
1294 893 1604 950 confusioni
1642 893 1779 948 istae
1818 892 2025 964 eripere
2065 891 2256 963 nupia.

355 975 496 1030 bene
551 973 820 1044 perpende
864 972 1011 1044 quod
1049 971 1151 1027 tibi
1182 971 1298 1042 jam
1338 974 1530 1032 dicam.
1602 974 1708 1030 Rei
1745 972 1980 1043 alicujus
2018 971 2263 1028 essentia

355 1073 468 1110 non
521 1059 756 1124 augetur
809 1051 1196 1122 conjunctione
1234 1052 1378 1108 alius
1415 1054 1493 1110 rei
1530 1071 1762 1126 quacum
1802 1057 1978 1108 totum
2020 1052 2257 1114 efficiat,

349 1133 452 1188 sod
508 1152 537 1187 o
593 1132 868 1188 contrario
923 1132 982 1188 in
1019 1130 1116 1186 illa
1152 1132 1441 1188 immutata
1480 1139 1677 1191 manet.
1750 1132 1918 1194 Quod
1957 1137 2021 1188 ut
2057 1131 2261 1188 melius

358 1211 638 1283 intelligas
675 1211 778 1267 tibi
815 1210 1124 1282 exemplum
1162 1228 1487 1282 proponam:
1529 1212 1841 1271 Statuarius
1876 1230 1905 1265 e
1944 1210 2099 1282 ligno
2136 1211 2262 1283 plu-

357 1311 444 1349 res
481 1294 682 1363 figuras
720 1292 852 1348 fecit
887 1291 956 1346 ad
995 1291 1410 1348 similitudinem
1450 1293 1687 1364 partium
1726 1291 1967 1364 corporis
1992 1291 2259 1352 humani:

353 1390 520 1428 unam
557 1390 627 1427 ex
662 1371 765 1437 iis,
807 1389 946 1444 quae
973 1373 1199 1442 figuram
1232 1371 1395 1427 habet
1422 1372 1658 1442 pectoris
1682 1371 1935 1435 humani,
1976 1370 2166 1442 capit,
2206 1379 2265 1426 et

353 1470 482 1509 eum
519 1452 631 1508 alia
667 1451 956 1524 conjungit
992 1469 1132 1522 quae
1170 1452 1369 1523 capitis
1406 1451 1627 1508 humani
1666 1449 1831 1508 habot-
1866 1452 2135 1522 figuram,
2194 1469 2269 1506 ex

359 1541 590 1604 utraque
645 1537 829 1586 autem
887 1549 1057 1586 unum
1112 1535 1289 1586 totum
1344 1529 1507 1591 facit.
1568 1529 1711 1602 quod
1750 1529 1995 1602 corporis
2032 1527 2267 1586 humani

358 1615 566 1683 partem
605 1611 936 1682 superiorem
974 1610 1211 1666 exhibet.
1254 1610 1489 1666 Dicesne
1520 1611 1637 1681 jam
1675 1609 1803 1667 hino
1840 1609 2039 1680 capitis
2074 1625 2268 1664 essen-

358 1692 492 1748 tiam
555 1693 770 1746 auctam
829 1707 946 1745 esse
1000 1690 1389 1761 conjunctione
1442 1689 1541 1746 illa
1590 1708 1713 1747 oum
1752 1689 2006 1762 pectore?
2085 1688 2271 1746 Nullo

355 1770 552 1837 modo,
602 1789 722 1825 nam
763 1769 908 1825 idom
945 1769 1124 1827 adhue
1161 1773 1245 1826 est
1280 1769 1427 1842 quod
1464 1773 1643 1827 antea.
1722 1771 1801 1828 Ut
1836 1773 1892 1825 ot
1932 1769 2128 1828 melius
2170 1790 2271 1843 pa·-

357 1855 504 1917 teat,
563 1849 718 1905 aliud
774 1849 873 1903 tibi
919 1848 1225 1921 exemplum
1265 1867 1587 1921 proponam,
1648 1867 1839 1921 nempe
1876 1849 2055 1905 ideam
2092 1866 2269 1921 quam

355 1930 622 2001 trianguli
680 1929 880 1993 habeo,
934 1934 993 1983 et
1024 1928 1188 1983 aliam
1229 1947 1295 1984 ex
1335 1929 1638 2000 prolatione
1676 1931 1843 1985 unius
1879 1930 2043 1985 trium
2083 1947 2271 2001 angu-

353 2011 532 2066 lorum
593 2014 800 2073 ortam,
860 2026 1019 2080 quem
1058 2008 1323 2080 angulum
1362 2008 1635 2081 prolatum
1673 2010 1759 2065 vol
1797 2026 1855 2065 se
1892 2010 2271 2081 proferentem

360 2106 581 2145 necesse
617 2092 732 2152 est,
785 2088 1066 2160 aequalem
1105 2106 1225 2143 esse
1262 2089 1477 2144 duobus
1514 2089 1733 2159 angulis
1770 2087 2122 2145 interioribus
2164 2106 2271 2161 op·

357 2169 552 2241 positis
589 2172 722 2230 eto.;
784 2168 880 2223 has
919 2167 1068 2224 ideas
1105 2167 1230 2223 dico
1266 2167 1379 2238 jam
1426 2169 1745 2240 produxisse
1790 2185 2015 2230 novam,
2056 2186 2271 2240 nempe

355 2264 468 2305 tres
522 2248 754 2319 angulos
790 2246 1054 2319 trianguli
1091 2248 1349 2319 aequales
1384 2264 1503 2303 osse
1540 2247 1755 2305 duobus
1790 2248 2011 2319 angulis
2054 2248 2269 2313 motis,

351 2347 496 2403 quae
550 2329 674 2384 idea
725 2345 852 2383 oum
907 2328 1083 2400 priore
1138 2326 1221 2381 ita
1256 2328 1553 2399 conjuncta
1586 2332 1703 2391 ost,
1764 2331 1828 2383 ut
1862 2328 1981 2383 sina
2018 2326 2117 2384 illa
2158 2344 2273 2386 neo

353 2426 472 2463 esse
511 2423 612 2464 neo
647 2406 862 2478 concipi
901 2406 1092 2478 possit.
1156 2406 1239 2461 At
1272 2424 1341 2462 ex
1377 2407 1631 2463 omnibus
1667 2406 1835 2472 ideis,
1878 2425 2016 2479 quas
2051 2406 2275 2481 aliquis

351 2489 544 2551 habet,
591 2504 760 2543 unum
799 2491 973 2543 totum
1012 2485 1269 2551 facimus,
1312 2486 1432 2553 vel,
1472 2487 1617 2559 quod
1642 2486 1787 2543 idem
1814 2490 1927 2552 est,
1966 2504 2065 2543 ens
2094 2488 2275 2545 ratio-
