<?xml version="1.0" encoding="UTF-8"?>
<!DOCTYPE html PUBLIC "-//W3C//DTD XHTML 1.0 Transitional//EN"
    "http://www.w3.org/TR/xhtml1/DTD/xhtml1-transitional.dtd">
<html xmlns="http://www.w3.org/1999/xhtml" xml:lang="en" lang="en">
 <head>
  <title>
</title>
<meta http-equiv="Content-Type" content="text/html;charset=utf-8" />
  <meta name='ocr-system' content='tesseract 3.04.00' />
  <meta name='ocr-capabilities' content='ocr_page ocr_carea ocr_par ocr_line ocrx_word'/>
</head>
<body>
  <div class='ocr_page' id='page_1' title='image "benedictidespin00vlotgoog_0098.png"; bbox 0 0 2432 3554; ppageno 0'>
   <div class='ocr_carea' id='block_1_1' title="bbox 1282 182 1362 239">
    <p class='ocr_par' dir='ltr' id='par_1_1' title="bbox 1282 182 1362 239">
     <span class='ocr_line' id='line_1_1' title="bbox 1282 182 1362 239; baseline -0.013 0"><span class='ocrx_word' id='word_1_1' title='bbox 1282 182 1362 239; x_wconf 76' lang='lat'><strong>82</strong></span> 
     </span>
    </p>
   </div>
   <div class='ocr_carea' id='block_1_2' title="bbox 373 343 2262 495">
    <p class='ocr_par' dir='ltr' id='par_1_2' title="bbox 373 343 2262 495">
     <span class='ocr_line' id='line_1_2' title="bbox 374 343 2258 414; baseline -0.001 -16"><span class='ocrx_word' id='word_1_2' title='bbox 374 343 481 398; x_wconf 90' lang='lat' dir='ltr'><strong>nisi</strong></span> <span class='ocrx_word' id='word_1_3' title='bbox 524 343 635 400; x_wconf 91' lang='lat' dir='ltr'><strong>duo</strong></span> <span class='ocrx_word' id='word_1_4' title='bbox 676 343 1058 413; x_wconf 74' lang='lat' dir='ltr'>cognoscimus</span> <span class='ocrx_word' id='word_1_5' title='bbox 1096 361 1288 414; x_wconf 82' lang='lat' dir='ltr'>nempe</span> <span class='ocrx_word' id='word_1_6' title='bbox 1326 346 1534 398; x_wconf 85' lang='lat' dir='ltr'><strong>motum</strong></span> <span class='ocrx_word' id='word_1_7' title='bbox 1567 345 1610 412; x_wconf 85' lang='grc' dir='ltr'><strong>ι)</strong></span> <span class='ocrx_word' id='word_1_8' title='bbox 1650 344 1706 398; x_wconf 92' lang='lat' dir='ltr'><strong>in</strong></span> <span class='ocrx_word' id='word_1_9' title='bbox 1743 343 1974 398; x_wconf 84' lang='lat' dir='ltr'><strong>materia</strong></span> <span class='ocrx_word' id='word_1_10' title='bbox 2011 345 2067 397; x_wconf 89' lang='lat' dir='ltr'><strong>et</strong></span> <span class='ocrx_word' id='word_1_11' title='bbox 2101 343 2258 398; x_wconf 81' lang='lat' dir='ltr'><strong>intel-</strong></span> 
     </span>
     <span class='ocr_line' id='line_1_3' title="bbox 373 423 2262 495; baseline -0.001 -17"><span class='ocrx_word' id='word_1_12' title='bbox 373 423 573 478; x_wconf 87' lang='lat' dir='ltr'><strong>lectum</strong></span> <span class='ocrx_word' id='word_1_13' title='bbox 630 423 690 478; x_wconf 90' lang='lat' dir='ltr'><strong>in</strong></span> <span class='ocrx_word' id='word_1_14' title='bbox 718 423 1113 495; x_wconf 71' lang='lat' dir='ltr'><strong>,cogitatione;</strong></span> <span class='ocrx_word' id='word_1_15' title='bbox 1168 441 1310 494; x_wconf 85' lang='lat' dir='ltr'><strong>quae</strong></span> <span class='ocrx_word' id='word_1_16' title='bbox 1366 423 1598 479; x_wconf 80' lang='lat' dir='ltr'><strong>dicimus</strong></span> <span class='ocrx_word' id='word_1_17' title='bbox 1651 423 1719 478; x_wconf 87' lang='lat' dir='ltr'><strong>ab</strong></span> <span class='ocrx_word' id='word_1_18' title='bbox 1756 424 1902 479; x_wconf 90' lang='lat' dir='ltr'><strong>omni</strong></span> <span class='ocrx_word' id='word_1_19' title='bbox 1939 427 2262 478; x_wconf 78' lang='lat' dir='ltr'><strong>aeternitate</strong></span> 
     </span>
    </p>
   </div>
   <div class='ocr_carea' id='block_1_3' title="bbox 286 502 2262 575">
    <p class='ocr_par' dir='ltr' id='par_1_3' title="bbox 286 502 2262 575">
     <span class='ocr_line' id='line_1_4' title="bbox 286 502 2262 575; baseline 0.002 -21"><span class='ocrx_word' id='word_1_20' title='bbox 286 551 289 554; x_wconf 81' lang='grc'><em>,</em></span> <span class='ocrx_word' id='word_1_21' title='bbox 371 505 539 560; x_wconf 85' lang='lat' dir='ltr'><strong>fuisse</strong></span> <span class='ocrx_word' id='word_1_22' title='bbox 576 507 633 558; x_wconf 88' lang='lat' dir='ltr'><strong>et</strong></span> <span class='ocrx_word' id='word_1_23' title='bbox 669 504 727 559; x_wconf 89' lang='lat' dir='ltr'><strong>in</strong></span> <span class='ocrx_word' id='word_1_24' title='bbox 752 520 963 558; x_wconf 86' lang='lat' dir='ltr'><strong>omnem</strong></span> <span class='ocrx_word' id='word_1_25' title='bbox 990 503 1371 557; x_wconf 84' lang='lat' dir='ltr'><strong>aeternitatem</strong></span> <span class='ocrx_word' id='word_1_26' title='bbox 1397 502 1816 558; x_wconf 77' lang='lat' dir='ltr'><strong>immutabiliter</strong></span> <span class='ocrx_word' id='word_1_27' title='bbox 1839 505 2044 558; x_wconf 79' lang='lat' dir='ltr'><strong>sutura.</strong></span> <span class='ocrx_word' id='word_1_28' title='bbox 2109 503 2262 575; x_wconf 85' lang='lat' dir='ltr'><strong>Opus</strong></span> 
     </span>
    </p>
   </div>
   <div class='ocr_carea' id='block_1_4' title="bbox 370 581 2088 654">
    <p class='ocr_par' dir='ltr' id='par_1_4' title="bbox 370 581 2088 654">
     <span class='ocr_line' id='line_1_5' title="bbox 370 581 2088 654; baseline -0.001 -14"><span class='ocrx_word' id='word_1_29' title='bbox 370 602 559 640; x_wconf 83' lang='lat' dir='ltr'><strong>revera</strong></span> <span class='ocrx_word' id='word_1_30' title='bbox 593 584 737 648; x_wconf 80' lang='lat' dir='ltr'><strong>tale,</strong></span> <span class='ocrx_word' id='word_1_31' title='bbox 776 581 937 654; x_wconf 86' lang='lat' dir='ltr'><strong>quale</strong></span> <span class='ocrx_word' id='word_1_32' title='bbox 974 599 1097 638; x_wconf 88' lang='lat' dir='ltr'><strong>cum</strong></span> <span class='ocrx_word' id='word_1_33' title='bbox 1138 583 1378 638; x_wconf 83' lang='lat' dir='ltr'><strong>auctoris</strong></span> <span class='ocrx_word' id='word_1_34' title='bbox 1418 581 1732 653; x_wconf 77' lang='lat' dir='ltr'><strong>granditate</strong></span> <span class='ocrx_word' id='word_1_35' title='bbox 1767 583 2088 638; x_wconf 82' lang='lat' dir='ltr'><strong>conveniat!</strong></span> 
     </span>
    </p>
   </div>
   <div class='ocr_carea' id='block_1_5' title="bbox 375 740 2274 1291">
    <p class='ocr_par' dir='ltr' id='par_1_5' title="bbox 375 740 2274 1291">
     <span class='ocr_line' id='line_1_6' title="bbox 442 740 2266 812; baseline -0.001 -16"><span class='ocrx_word' id='word_1_36' title='bbox 442 743 609 804; x_wconf 77' lang='lat' dir='ltr'><strong>Quod</strong></span> <span class='ocrx_word' id='word_1_37' title='bbox 664 741 732 798; x_wconf 81' lang='lat' dir='ltr'><strong>ad</strong></span> <span class='ocrx_word' id='word_1_38' title='bbox 790 745 995 797; x_wconf 84' lang='lat' dir='ltr'><strong>motum</strong></span> <span class='ocrx_word' id='word_1_39' title='bbox 1032 740 1238 810; x_wconf 82' lang='lat' dir='ltr'><strong>igitur,</strong></span> <span class='ocrx_word' id='word_1_40' title='bbox 1304 756 1426 797; x_wconf 84' lang='lat' dir='ltr'><strong>cum</strong></span> <span class='ocrx_word' id='word_1_41' title='bbox 1469 741 1718 812; x_wconf 87' lang='lat' dir='ltr'><strong>proprius</strong></span> <span class='ocrx_word' id='word_1_42' title='bbox 1757 740 1825 796; x_wconf 86' lang='lat' dir='ltr'><strong>ad</strong></span> <span class='ocrx_word' id='word_1_43' title='bbox 1864 745 2162 796; x_wconf 77' lang='lat' dir='ltr'><strong>tractatum</strong></span> <span class='ocrx_word' id='word_1_44' title='bbox 2200 744 2266 795; x_wconf 87' lang='lat' dir='ltr'><strong>de</strong></span> 
     </span>
     <span class='ocr_line' id='line_1_7' title="bbox 375 820 2268 892; baseline -0.002 -14"><span class='ocrx_word' id='word_1_45' title='bbox 375 823 605 878; x_wconf 79' lang='lat' dir='ltr'><strong>scientia</strong></span> <span class='ocrx_word' id='word_1_46' title='bbox 631 824 857 876; x_wconf 87' lang='lat' dir='ltr'><strong>naturae</strong></span> <span class='ocrx_word' id='word_1_47' title='bbox 888 837 1051 892; x_wconf 81' lang='lat' dir='ltr'><strong>quam</strong></span> <span class='ocrx_word' id='word_1_48' title='bbox 1078 821 1185 875; x_wconf 89' lang='lat' dir='ltr'><strong>huc</strong></span> <span class='ocrx_word' id='word_1_49' title='bbox 1214 820 1522 892; x_wconf 85' lang='lat' dir='ltr'><strong>pertineat,</strong></span> <span class='ocrx_word' id='word_1_50' title='bbox 1549 822 1629 874; x_wconf 86' lang='lat' dir='ltr'><strong>uti</strong></span> <span class='ocrx_word' id='word_1_51' title='bbox 1655 821 1802 892; x_wconf 89' lang='lat' dir='ltr'><strong>quod</strong></span> <span class='ocrx_word' id='word_1_52' title='bbox 1827 821 1896 876; x_wconf 83' lang='lat' dir='ltr'><strong>ab</strong></span> <span class='ocrx_word' id='word_1_53' title='bbox 1923 822 2070 876; x_wconf 89' lang='lat' dir='ltr'><strong>omni</strong></span> <span class='ocrx_word' id='word_1_54' title='bbox 2095 829 2268 876; x_wconf 75' lang='lat' dir='ltr'><strong>aeter-</strong></span> 
     </span>
     <span class='ocr_line' id='line_1_8' title="bbox 376 900 2264 963; baseline -0.002 -5"><span class='ocrx_word' id='word_1_55' title='bbox 376 905 551 958; x_wconf 85' lang='lat' dir='ltr'><strong>nitate</strong></span> <span class='ocrx_word' id='word_1_56' title='bbox 596 902 705 956; x_wconf 75' lang='lat' dir='ltr'><strong>fuit</strong></span> <span class='ocrx_word' id='word_1_57' title='bbox 741 904 798 954; x_wconf 91' lang='lat' dir='ltr'><strong>et</strong></span> <span class='ocrx_word' id='word_1_58' title='bbox 834 901 891 956; x_wconf 91' lang='lat' dir='ltr'><strong>in</strong></span> <span class='ocrx_word' id='word_1_59' title='bbox 930 918 1141 954; x_wconf 88' lang='lat' dir='ltr'><strong>omnem</strong></span> <span class='ocrx_word' id='word_1_60' title='bbox 1178 900 1560 956; x_wconf 83' lang='lat' dir='ltr'><strong>aeternitatem</strong></span> <span class='ocrx_word' id='word_1_61' title='bbox 1601 900 1958 955; x_wconf 78' lang='lat' dir='ltr'><strong>immutabilis</strong></span> <span class='ocrx_word' id='word_1_62' title='bbox 1995 901 2264 963; x_wconf 77' lang='lat' dir='ltr'><strong>manebit,</strong></span> 
     </span>
     <span class='ocr_line' id='line_1_9' title="bbox 376 980 2270 1056; baseline 0 -20"><span class='ocrx_word' id='word_1_63' title='bbox 376 983 523 1056; x_wconf 90' lang='lat' dir='ltr'><strong>quod</strong></span> <span class='ocrx_word' id='word_1_64' title='bbox 561 983 619 1037; x_wconf 92' lang='lat' dir='ltr'><strong>in</strong></span> <span class='ocrx_word' id='word_1_65' title='bbox 656 997 851 1051; x_wconf 83' lang='lat' dir='ltr'><strong>genere</strong></span> <span class='ocrx_word' id='word_1_66' title='bbox 886 996 989 1035; x_wconf 90' lang='lat' dir='ltr'><strong>suo</strong></span> <span class='ocrx_word' id='word_1_67' title='bbox 1024 980 1276 1035; x_wconf 81' lang='lat' dir='ltr'><strong>infinitus</strong></span> <span class='ocrx_word' id='word_1_68' title='bbox 1303 984 1417 1043; x_wconf 81' lang='lat' dir='ltr'><strong>est,</strong></span> <span class='ocrx_word' id='word_1_69' title='bbox 1459 985 1516 1034; x_wconf 87' lang='lat' dir='ltr'><strong>et</strong></span> <span class='ocrx_word' id='word_1_70' title='bbox 1539 981 1680 1052; x_wconf 88' lang='lat' dir='ltr'><strong>quod</strong></span> <span class='ocrx_word' id='word_1_71' title='bbox 1709 997 1805 1052; x_wconf 86' lang='lat' dir='ltr'><strong>per</strong></span> <span class='ocrx_word' id='word_1_72' title='bbox 1831 999 1885 1035; x_wconf 86' lang='lat' dir='ltr'><strong>se</strong></span> <span class='ocrx_word' id='word_1_73' title='bbox 1911 982 2028 1053; x_wconf 84' lang='lat' dir='ltr'><strong>ipse</strong></span> <span class='ocrx_word' id='word_1_74' title='bbox 2055 997 2160 1037; x_wconf 89' lang='lat' dir='ltr'><strong>nec</strong></span> <span class='ocrx_word' id='word_1_75' title='bbox 2183 999 2270 1036; x_wconf 83' lang='lat' dir='ltr'><strong>ex·</strong></span> 
     </span>
     <span class='ocr_line' id='line_1_10' title="bbox 377 1059 2274 1131; baseline -0.001 -13"><span class='ocrx_word' id='word_1_76' title='bbox 377 1063 568 1118; x_wconf 77' lang='lat' dir='ltr'><strong>sistere</strong></span> <span class='ocrx_word' id='word_1_77' title='bbox 606 1077 707 1116; x_wconf 84' lang='lat' dir='ltr'><strong>nec</strong></span> <span class='ocrx_word' id='word_1_78' title='bbox 732 1060 944 1131; x_wconf 76' lang='lat' dir='ltr'><strong>concipi</strong></span> <span class='ocrx_word' id='word_1_79' title='bbox 970 1065 1188 1131; x_wconf 82' lang='lat' dir='ltr'><strong>potest,</strong></span> <span class='ocrx_word' id='word_1_80' title='bbox 1229 1059 1322 1114; x_wconf 87' lang='lat' dir='ltr'><strong>sed</strong></span> <span class='ocrx_word' id='word_1_81' title='bbox 1349 1064 1564 1114; x_wconf 83' lang='lat' dir='ltr'><strong>tantum</strong></span> <span class='ocrx_word' id='word_1_82' title='bbox 1591 1061 1925 1116; x_wconf 76' lang='lat' dir='ltr'><strong>extensionis</strong></span> <span class='ocrx_word' id='word_1_83' title='bbox 1951 1063 2165 1124; x_wconf 75' lang='lat' dir='ltr'><strong>medio:</strong></span> <span class='ocrx_word' id='word_1_84' title='bbox 2207 1065 2274 1116; x_wconf 86' lang='lat' dir='ltr'><strong>de</strong></span> 
     </span>
     <span class='ocr_line' id='line_1_11' title="bbox 376 1140 2274 1213; baseline 0 -17"><span class='ocrx_word' id='word_1_85' title='bbox 376 1143 497 1206; x_wconf 78' lang='lat' dir='ltr'><strong>hie,</strong></span> <span class='ocrx_word' id='word_1_86' title='bbox 552 1141 705 1202; x_wconf 90' lang='lat' dir='ltr'><strong>dico,</strong></span> <span class='ocrx_word' id='word_1_87' title='bbox 770 1140 859 1195; x_wconf 87' lang='lat' dir='ltr'><strong>hic</strong></span> <span class='ocrx_word' id='word_1_88' title='bbox 914 1157 1023 1194; x_wconf 92' lang='lat' dir='ltr'><strong>non</strong></span> <span class='ocrx_word' id='word_1_89' title='bbox 1069 1156 1324 1210; x_wconf 82' lang='lat' dir='ltr'><strong>agemus,</strong></span> <span class='ocrx_word' id='word_1_90' title='bbox 1377 1140 1726 1212; x_wconf 83' lang='lat' dir='ltr'><strong>dicemusque</strong></span> <span class='ocrx_word' id='word_1_91' title='bbox 1765 1141 1955 1206; x_wconf 86' lang='lat' dir='ltr'><strong>modo,</strong></span> <span class='ocrx_word' id='word_1_92' title='bbox 2013 1146 2164 1213; x_wconf 84' lang='lat' dir='ltr'><strong>quod</strong></span> <span class='ocrx_word' id='word_1_93' title='bbox 2203 1144 2274 1196; x_wconf 83' lang='lat' dir='ltr'><strong>sit</strong></span> 
     </span>
     <span class='ocr_line' id='line_1_12' title="bbox 377 1219 2001 1291; baseline 0.001 -15"><span class='ocrx_word' id='word_1_94' title='bbox 377 1222 552 1286; x_wconf 84' lang='lat' dir='ltr'><strong>filius,</strong></span> <span class='ocrx_word' id='word_1_95' title='bbox 594 1238 763 1291; x_wconf 84' lang='lat' dir='ltr'><strong>opus,</strong></span> <span class='ocrx_word' id='word_1_96' title='bbox 802 1219 890 1274; x_wconf 85' lang='lat' dir='ltr'><strong>vel</strong></span> <span class='ocrx_word' id='word_1_97' title='bbox 930 1220 1154 1275; x_wconf 81' lang='lat' dir='ltr'><strong>effectus</strong></span> <span class='ocrx_word' id='word_1_98' title='bbox 1190 1219 1504 1275; x_wconf 83' lang='lat' dir='ltr'><strong>immediate</strong></span> <span class='ocrx_word' id='word_1_99' title='bbox 1545 1237 1578 1274; x_wconf 87' lang='lat' dir='ltr'><strong>a</strong></span> <span class='ocrx_word' id='word_1_100' title='bbox 1615 1219 1734 1275; x_wconf 91' lang='lat' dir='ltr'><strong>Deo</strong></span> <span class='ocrx_word' id='word_1_101' title='bbox 1771 1224 2001 1278; x_wconf 83' lang='lat' dir='ltr'><strong>creatus.</strong></span> 
     </span>
    </p>
   </div>
   <div class='ocr_carea' id='block_1_6' title="bbox 381 1534 2281 2248">
    <p class='ocr_par' dir='ltr' id='par_1_6' title="bbox 381 1534 2281 2248">
     <span class='ocr_line' id='line_1_13' title="bbox 452 1534 2272 1606; baseline 0 -14"><span class='ocrx_word' id='word_1_102' title='bbox 452 1536 617 1598; x_wconf 80' lang='lat' dir='ltr'><strong>Quod</strong></span> <span class='ocrx_word' id='word_1_103' title='bbox 644 1535 712 1592; x_wconf 91' lang='lat' dir='ltr'><strong>ad</strong></span> <span class='ocrx_word' id='word_1_104' title='bbox 739 1534 1078 1592; x_wconf 83' lang='lat' dir='ltr'><strong>intellectum</strong></span> <span class='ocrx_word' id='word_1_105' title='bbox 1106 1534 1165 1590; x_wconf 92' lang='lat' dir='ltr'><strong>in</strong></span> <span class='ocrx_word' id='word_1_106' title='bbox 1188 1535 1524 1606; x_wconf 77' lang='lat' dir='ltr'><strong>cogitatione</strong></span> <span class='ocrx_word' id='word_1_107' title='bbox 1550 1537 1751 1592; x_wconf 81' lang='lat' dir='ltr'><strong>attinet</strong></span> <span class='ocrx_word' id='word_1_108' title='bbox 1769 1578 1782 1601; x_wconf 90' lang='lat'>‚</span> <span class='ocrx_word' id='word_1_109' title='bbox 1823 1540 1880 1590; x_wconf 88' lang='lat' dir='ltr'><strong>et</strong></span> <span class='ocrx_word' id='word_1_110' title='bbox 1903 1537 1992 1592; x_wconf 88' lang='lat' dir='ltr'><strong>hic</strong></span> <span class='ocrx_word' id='word_1_111' title='bbox 2009 1580 2024 1600; x_wconf 88' lang='lat'><em>‚</em></span> <span class='ocrx_word' id='word_1_112' title='bbox 2063 1543 2138 1593; x_wconf 77' lang='lat' dir='ltr'><strong>ut</strong></span> <span class='ocrx_word' id='word_1_113' title='bbox 2159 1539 2272 1598; x_wconf 79' lang='lat' dir='ltr'><strong>ine.</strong></span> 
     </span>
     <span class='ocr_line' id='line_1_14' title="bbox 381 1615 2276 1688; baseline 0.001 -16"><span class='ocrx_word' id='word_1_114' title='bbox 381 1617 561 1682; x_wconf 75' lang='lat' dir='ltr'><strong>filine,</strong></span> <span class='ocrx_word' id='word_1_115' title='bbox 600 1633 741 1688; x_wconf 85' lang='lat' dir='ltr'><strong>opus</strong></span> <span class='ocrx_word' id='word_1_116' title='bbox 776 1615 863 1670; x_wconf 86' lang='lat' dir='ltr'><strong>vel</strong></span> <span class='ocrx_word' id='word_1_117' title='bbox 891 1615 1205 1672; x_wconf 87' lang='lat' dir='ltr'><strong>immediata</strong></span> <span class='ocrx_word' id='word_1_118' title='bbox 1241 1615 1346 1670; x_wconf 88' lang='lat' dir='ltr'><strong>Dei</strong></span> <span class='ocrx_word' id='word_1_119' title='bbox 1383 1620 1634 1672; x_wconf 86' lang='lat' dir='ltr'><strong>creatura</strong></span> <span class='ocrx_word' id='word_1_120' title='bbox 1667 1620 1786 1680; x_wconf 87' lang='lat' dir='ltr'><strong>est,</strong></span> <span class='ocrx_word' id='word_1_121' title='bbox 1831 1615 1898 1670; x_wconf 92' lang='lat' dir='ltr'><strong>ab</strong></span> <span class='ocrx_word' id='word_1_122' title='bbox 1928 1618 2076 1671; x_wconf 86' lang='lat' dir='ltr'><strong>omni</strong></span> <span class='ocrx_word' id='word_1_123' title='bbox 2105 1624 2276 1673; x_wconf 79' lang='lat' dir='ltr'><strong>aeter-</strong></span> 
     </span>
     <span class='ocr_line' id='line_1_15' title="bbox 384 1694 2276 1760; baseline -0.001 -8"><span class='ocrx_word' id='word_1_124' title='bbox 384 1697 558 1752; x_wconf 84' lang='lat' dir='ltr'><strong>nitate</strong></span> <span class='ocrx_word' id='word_1_125' title='bbox 595 1699 651 1750; x_wconf 90' lang='lat' dir='ltr'><strong>et</strong></span> <span class='ocrx_word' id='word_1_126' title='bbox 688 1697 742 1750; x_wconf 89' lang='lat' dir='ltr'><strong>in</strong></span> <span class='ocrx_word' id='word_1_127' title='bbox 782 1695 993 1750; x_wconf 86' lang='lat' dir='ltr'><strong>omn&#39;em</strong></span> <span class='ocrx_word' id='word_1_128' title='bbox 1033 1694 1411 1752; x_wconf 81' lang='lat' dir='ltr'><strong>aeternitatem</strong></span> <span class='ocrx_word' id='word_1_129' title='bbox 1440 1695 1796 1752; x_wconf 83' lang='lat' dir='ltr'><strong>immutabilis</strong></span> <span class='ocrx_word' id='word_1_130' title='bbox 1824 1713 2064 1751; x_wconf 68' lang='lat' dir='ltr'><strong>manens„</strong></span> <span class='ocrx_word' id='word_1_131' title='bbox 2109 1699 2276 1760; x_wconf 76' lang='lat' dir='ltr'><strong>Quod</strong></span> 
     </span>
     <span class='ocr_line' id='line_1_16' title="bbox 384 1775 2278 1848; baseline 0.002 -17"><span class='ocrx_word' id='word_1_132' title='bbox 384 1775 502 1847; x_wconf 78' lang='lat' dir='ltr'><strong>ejus</strong></span> <span class='ocrx_word' id='word_1_133' title='bbox 556 1775 883 1831; x_wconf 82' lang='lat' dir='ltr'><strong>attributum</strong></span> <span class='ocrx_word' id='word_1_134' title='bbox 941 1792 1111 1831; x_wconf 90' lang='lat' dir='ltr'><strong>unum</strong></span> <span class='ocrx_word' id='word_1_135' title='bbox 1168 1780 1382 1831; x_wconf 85' lang='lat' dir='ltr'><strong>tantum</strong></span> <span class='ocrx_word' id='word_1_136' title='bbox 1439 1780 1523 1829; x_wconf 87' lang='lat' dir='ltr'><strong>est</strong></span> <span class='ocrx_word' id='word_1_137' title='bbox 1547 1814 1560 1839; x_wconf 87' lang='lat'>‚</span> <span class='ocrx_word' id='word_1_138' title='bbox 1620 1794 1812 1848; x_wconf 85' lang='lat' dir='ltr'><strong>nempe</strong></span> <span class='ocrx_word' id='word_1_139' title='bbox 1865 1777 2048 1831; x_wconf 80' lang='lat' dir='ltr'><strong>omnia</strong></span> <span class='ocrx_word' id='word_1_140' title='bbox 2101 1781 2278 1834; x_wconf 83' lang='lat' dir='ltr'><strong>omni-</strong></span> 
     </span>
     <span class='ocr_line' id='line_1_17' title="bbox 382 1853 2281 1927; baseline 0.002 -16"><span class='ocrx_word' id='word_1_141' title='bbox 382 1856 485 1911; x_wconf 82' lang='lat' dir='ltr'><strong>bus</strong></span> <span class='ocrx_word' id='word_1_142' title='bbox 534 1854 869 1927; x_wconf 84' lang='lat' dir='ltr'><strong>temporibus</strong></span> <span class='ocrx_word' id='word_1_143' title='bbox 907 1856 1053 1911; x_wconf 83' lang='lat' dir='ltr'><strong>clare</strong></span> <span class='ocrx_word' id='word_1_144' title='bbox 1087 1858 1143 1909; x_wconf 90' lang='lat' dir='ltr'><strong>et</strong></span> <span class='ocrx_word' id='word_1_145' title='bbox 1178 1853 1439 1910; x_wconf 84' lang='lat' dir='ltr'><strong>distinete</strong></span> <span class='ocrx_word' id='word_1_146' title='bbox 1479 1854 1856 1926; x_wconf 76' lang='lat' dir='ltr'><strong>intelligendi:</strong></span> <span class='ocrx_word' id='word_1_147' title='bbox 1918 1858 2064 1911; x_wconf 90' lang='lat' dir='ltr'><strong>unde</strong></span> <span class='ocrx_word' id='word_1_148' title='bbox 2104 1861 2281 1913; x_wconf 77' lang='lat' dir='ltr'><strong>oritur</strong></span> 
     </span>
     <span class='ocr_line' id='line_1_18' title="bbox 385 1934 2280 2010; baseline 0.002 -21"><span class='ocrx_word' id='word_1_149' title='bbox 385 1936 599 1991; x_wconf 77' lang='lat' dir='ltr'><strong>laetitia</strong></span> <span class='ocrx_word' id='word_1_150' title='bbox 655 1935 871 1991; x_wconf 84' lang='lat' dir='ltr'><strong>infinita</strong></span> <span class='ocrx_word' id='word_1_151' title='bbox 925 1934 1009 1989; x_wconf 79' lang='lat' dir='ltr'><strong>vel</strong></span> <span class='ocrx_word' id='word_1_152' title='bbox 1068 1951 1274 1991; x_wconf 85' lang='lat' dir='ltr'><strong>summe</strong></span> <span class='ocrx_word' id='word_1_153' title='bbox 1323 1935 1564 2004; x_wconf 80' lang='lat' dir='ltr'><strong>perfecta</strong></span> <span class='ocrx_word' id='word_1_154' title='bbox 1599 1939 1655 1989; x_wconf 82' lang='lat' dir='ltr'><strong>et</strong></span> <span class='ocrx_word' id='word_1_155' title='bbox 1692 1934 2080 2001; x_wconf 70' lang='lat' dir='ltr'><strong>immutabilia,</strong></span> <span class='ocrx_word' id='word_1_156' title='bbox 2141 1956 2280 2010; x_wconf 71' lang='lat' dir='ltr'><strong>quae</strong></span> 
     </span>
     <span class='ocr_line' id='line_1_19' title="bbox 385 2013 2276 2088; baseline 0.001 -17"><span class='ocrx_word' id='word_1_157' title='bbox 385 2017 635 2071; x_wconf 86' lang='lat' dir='ltr'><strong>omittere</strong></span> <span class='ocrx_word' id='word_1_158' title='bbox 672 2019 909 2088; x_wconf 85' lang='lat' dir='ltr'><strong>nequeat</strong></span> <span class='ocrx_word' id='word_1_159' title='bbox 946 2032 1085 2087; x_wconf 83' lang='lat' dir='ltr'><strong>quae</strong></span> <span class='ocrx_word' id='word_1_160' title='bbox 1122 2014 1255 2086; x_wconf 82' lang='lat' dir='ltr'><strong>agit.</strong></span> <span class='ocrx_word' id='word_1_161' title='bbox 1327 2013 1492 2075; x_wconf 79' lang='lat' dir='ltr'><strong>Quod</strong></span> <span class='ocrx_word' id='word_1_162' title='bbox 1531 2014 1634 2069; x_wconf 83' lang='lat' dir='ltr'><strong>etsi</strong></span> <span class='ocrx_word' id='word_1_163' title='bbox 1671 2015 1810 2071; x_wconf 83' lang='lat' dir='ltr'><strong>satis</strong></span> <span class='ocrx_word' id='word_1_164' title='bbox 1845 2032 1941 2087; x_wconf 86' lang='lat' dir='ltr'><strong>per</strong></span> <span class='ocrx_word' id='word_1_165' title='bbox 1977 2034 2034 2071; x_wconf 80' lang='lat' dir='ltr'><strong>se</strong></span> <span class='ocrx_word' id='word_1_166' title='bbox 2057 2023 2276 2087; x_wconf 76' lang='lat' dir='ltr'><strong>pateat,</strong></span> 
     </span>
     <span class='ocr_line' id='line_1_20' title="bbox 382 2094 2280 2167; baseline 0.001 -16"><span class='ocrx_word' id='word_1_167' title='bbox 382 2100 569 2151; x_wconf 86' lang='lat' dir='ltr'><strong>tamen</strong></span> <span class='ocrx_word' id='word_1_168' title='bbox 605 2099 794 2167; x_wconf 76' lang='lat' dir='ltr'><strong>postea</strong></span> <span class='ocrx_word' id='word_1_169' title='bbox 830 2095 888 2151; x_wconf 88' lang='lat' dir='ltr'><strong>in</strong></span> <span class='ocrx_word' id='word_1_170' title='bbox 927 2098 1171 2151; x_wconf 82' lang='lat' dir='ltr'><strong>tractatu</strong></span> <span class='ocrx_word' id='word_1_171' title='bbox 1206 2094 1276 2149; x_wconf 88' lang='lat' dir='ltr'><strong>de</strong></span> <span class='ocrx_word' id='word_1_172' title='bbox 1311 2095 1478 2150; x_wconf 87' lang='lat' dir='ltr'><strong>animi</strong></span> <span class='ocrx_word' id='word_1_173' title='bbox 1519 2095 1802 2151; x_wconf 77' lang='lat' dir='ltr'><strong>affectibus</strong></span> <span class='ocrx_word' id='word_1_174' title='bbox 1827 2095 2030 2151; x_wconf 85' lang='lat' dir='ltr'><strong>clarius</strong></span> <span class='ocrx_word' id='word_1_175' title='bbox 2053 2096 2280 2153; x_wconf 78' lang='lat' dir='ltr'><strong>demon-</strong></span> 
     </span>
     <span class='ocr_line' id='line_1_21' title="bbox 385 2174 1975 2248; baseline -0.001 -17"><span class='ocrx_word' id='word_1_176' title='bbox 385 2174 711 2239; x_wconf 71' lang='lat' dir='ltr'><strong>strabimus:</strong></span> <span class='ocrx_word' id='word_1_177' title='bbox 752 2192 919 2248; x_wconf 85' lang='lat' dir='ltr'><strong>quare</strong></span> <span class='ocrx_word' id='word_1_178' title='bbox 958 2175 1047 2231; x_wconf 87' lang='lat' dir='ltr'><strong>hic</strong></span> <span class='ocrx_word' id='word_1_179' title='bbox 1086 2192 1195 2231; x_wconf 86' lang='lat' dir='ltr'><strong>non</strong></span> <span class='ocrx_word' id='word_1_180' title='bbox 1233 2174 1468 2245; x_wconf 83' lang='lat' dir='ltr'><strong>amplius</strong></span> <span class='ocrx_word' id='word_1_181' title='bbox 1507 2174 1576 2229; x_wconf 87' lang='lat' dir='ltr'><strong>de</strong></span> <span class='ocrx_word' id='word_1_182' title='bbox 1613 2192 1678 2231; x_wconf 91' lang='lat' dir='ltr'><strong>eo</strong></span> <span class='ocrx_word' id='word_1_183' title='bbox 1711 2174 1975 2231; x_wconf 81' lang='lat' dir='ltr'><strong>dicemus.</strong></span> 
     </span>
    </p>
   </div>
   <div class='ocr_carea' id='block_1_7' title="bbox 388 2844 2287 3121">
    <p class='ocr_par' dir='ltr' id='par_1_7' title="bbox 388 2844 2287 3121">
     <span class='ocr_line' id='line_1_22' title="bbox 454 2844 2286 2908; baseline 0.003 -15"><span class='ocrx_word' id='word_1_184' title='bbox 454 2848 502 2907; x_wconf 90' lang='lat'><strong>1)</strong></span> <span class='ocrx_word' id='word_1_185' title='bbox 541 2844 676 2894; x_wconf 76' lang='lat' dir='ltr'><strong>Quod</strong></span> <span class='ocrx_word' id='word_1_186' title='bbox 710 2846 782 2892; x_wconf 87' lang='lat' dir='ltr'><strong>hic</strong></span> <span class='ocrx_word' id='word_1_187' title='bbox 813 2844 867 2892; x_wconf 87' lang='lat' dir='ltr'><strong>de</strong></span> <span class='ocrx_word' id='word_1_188' title='bbox 899 2852 1021 2893; x_wconf 87' lang='lat' dir='ltr'><strong>motu</strong></span> <span class='ocrx_word' id='word_1_189' title='bbox 1051 2845 1099 2893; x_wconf 90' lang='lat' dir='ltr'><strong>in</strong></span> <span class='ocrx_word' id='word_1_190' title='bbox 1133 2847 1317 2893; x_wconf 87' lang='lat' dir='ltr'><strong>materia</strong></span> <span class='ocrx_word' id='word_1_191' title='bbox 1349 2844 1510 2895; x_wconf 85' lang='lat' dir='ltr'><strong>dicitur</strong></span> <span class='ocrx_word' id='word_1_192' title='bbox 1541 2847 1615 2894; x_wconf 82' lang='lat' dir='ltr'><strong>hic</strong></span> <span class='ocrx_word' id='word_1_193' title='bbox 1637 2863 1732 2895; x_wconf 84' lang='lat' dir='ltr'><strong>non</strong></span> <span class='ocrx_word' id='word_1_194' title='bbox 1763 2849 1882 2896; x_wconf 76' lang='lat' dir='ltr'><strong>serio</strong></span> <span class='ocrx_word' id='word_1_195' title='bbox 1897 2849 2090 2908; x_wconf 78' lang='lat' dir='ltr'><strong>dicitur;</strong></span> <span class='ocrx_word' id='word_1_196' title='bbox 2124 2860 2286 2901; x_wconf 66' lang='lat' dir='ltr'><strong>auctor</strong></span> 
     </span>
     <span class='ocr_line' id='line_1_23' title="bbox 389 2916 2280 2983; baseline 0.003 -20"><span class='ocrx_word' id='word_1_197' title='bbox 389 2916 507 2966; x_wconf 85' lang='lat' dir='ltr'><strong>enim</strong></span> <span class='ocrx_word' id='word_1_198' title='bbox 554 2920 650 2977; x_wconf 80' lang='lat' dir='ltr'><strong>ejus</strong></span> <span class='ocrx_word' id='word_1_199' title='bbox 697 2932 872 2965; x_wconf 83' lang='lat' dir='ltr'><strong>causam</strong></span> <span class='ocrx_word' id='word_1_200' title='bbox 911 2916 1055 2963; x_wconf 83' lang='lat' dir='ltr'><strong>adhuc</strong></span> <span class='ocrx_word' id='word_1_201' title='bbox 1103 2933 1149 2964; x_wconf 88' lang='lat' dir='ltr'><strong>se</strong></span> <span class='ocrx_word' id='word_1_202' title='bbox 1195 2918 1480 2965; x_wconf 87' lang='lat' dir='ltr'><strong>inventurum</strong></span> <span class='ocrx_word' id='word_1_203' title='bbox 1529 2924 1686 2981; x_wconf 85' lang='lat' dir='ltr'><strong>putat,</strong></span> <span class='ocrx_word' id='word_1_204' title='bbox 1737 2920 1803 2967; x_wconf 88' lang='lat' dir='ltr'><strong>uti</strong></span> <span class='ocrx_word' id='word_1_205' title='bbox 1837 2936 1865 2967; x_wconf 87' lang='lat' dir='ltr'><strong>a</strong></span> <span class='ocrx_word' id='word_1_206' title='bbox 1895 2921 2139 2981; x_wconf 78' lang='lat' dir='ltr'><strong>posteriori</strong></span> <span class='ocrx_word' id='word_1_207' title='bbox 2169 2940 2280 2983; x_wconf 73' lang='lat' dir='ltr'><strong>quo·</strong></span> 
     </span>
     <span class='ocr_line' id='line_1_24' title="bbox 388 2988 2287 3053; baseline 0.005 -18"><span class='ocrx_word' id='word_1_208' title='bbox 388 2988 621 3035; x_wconf 79' lang='lat' dir='ltr'><strong>dnmmodo</strong></span> <span class='ocrx_word' id='word_1_209' title='bbox 649 2990 743 3049; x_wconf 81' lang='lat' dir='ltr'><strong>jam</strong></span> <span class='ocrx_word' id='word_1_210' title='bbox 772 2988 876 3035; x_wconf 79' lang='lat' dir='ltr'><strong>fecit</strong></span> <span class='ocrx_word' id='word_1_211' title='bbox 885 3009 898 3047; x_wconf 86' lang='lat'>3</span> <span class='ocrx_word' id='word_1_212' title='bbox 929 2988 1003 3036; x_wconf 89' lang='lat' dir='ltr'><strong>hic</strong></span> <span class='ocrx_word' id='word_1_213' title='bbox 1034 2995 1179 3037; x_wconf 84' lang='lat' dir='ltr'><strong>autem</strong></span> <span class='ocrx_word' id='word_1_214' title='bbox 1212 2989 1278 3037; x_wconf 86' lang='lat' dir='ltr'><strong>ita</strong></span> <span class='ocrx_word' id='word_1_215' title='bbox 1309 2988 1396 3037; x_wconf 89' lang='lat' dir='ltr'><strong>dici</strong></span> <span class='ocrx_word' id='word_1_216' title='bbox 1428 2996 1602 3053; x_wconf 77' lang='lat' dir='ltr'><strong>potest,</strong></span> <span class='ocrx_word' id='word_1_217' title='bbox 1636 3005 1736 3041; x_wconf 76' lang='lat' dir='ltr'><strong>cnm</strong></span> <span class='ocrx_word' id='word_1_218' title='bbox 1768 2991 1882 3043; x_wconf 85' lang='lat' dir='ltr'><strong>nihil</strong></span> <span class='ocrx_word' id='word_1_219' title='bbox 1913 2994 2032 3041; x_wconf 86' lang='lat' dir='ltr'><strong>ineo</strong></span> <span class='ocrx_word' id='word_1_220' title='bbox 2044 3002 2287 3047; x_wconf 64' lang='lat' dir='ltr'><strong>conmea-</strong></span> 
     </span>
     <span class='ocr_line' id='line_1_25' title="bbox 390 3058 971 3121; baseline 0.007 -15"><span class='ocrx_word' id='word_1_221' title='bbox 390 3065 467 3106; x_wconf 68' lang='grc' dir='ltr'><strong>ται·</strong></span> <span class='ocrx_word' id='word_1_222' title='bbox 496 3058 564 3107; x_wconf 80' lang='lat' dir='ltr'><strong>vel</strong></span> <span class='ocrx_word' id='word_1_223' title='bbox 596 3058 653 3106; x_wconf 80' lang='lat' dir='ltr'><strong>ab</strong></span> <span class='ocrx_word' id='word_1_224' title='bbox 683 3073 737 3105; x_wconf 84' lang='lat' dir='ltr'><strong>eo</strong></span> <span class='ocrx_word' id='word_1_225' title='bbox 767 3058 971 3121; x_wconf 77' lang='lat' dir='ltr'><strong>pendeat.</strong></span> 
     </span>
    </p>
   </div>
  </div>
 </body>
</html>
