2432 3554
1026 199 1140 258 325

153 358 246 413 tim
283 376 350 412 ex
385 358 528 414 Nob.
583 364 866 414 stemmate
911 365 1103 425 natae,
1145 364 1261 416 toto
1298 359 1449 416 caelo
1488 359 1745 413 differunt
1781 357 1851 412 ab
1888 357 2029 412 Hol-

150 438 374 494 landicis
409 440 658 495 foeminis
697 445 793 496 aut
830 446 886 495 et
922 442 1151 496 Gallicis
1188 441 1275 494 vel
1313 439 1599 511 Anglicis;
1640 455 1765 493 nam
1804 438 1903 494 bae
1930 438 2025 492 bo-

148 519 261 574 nori
318 519 420 573 sibi
479 521 725 584 ducunt,
793 521 838 576 si
890 522 1098 577 maritis
1135 520 1289 576 nulla
1327 521 1384 574 in
1424 537 1479 574 re
1517 519 1821 574 contrariae
1861 523 2025 580 sunt,

147 601 305 656 immo
349 618 416 654 ne
453 603 832 657 contradicant
869 602 1087 673 quidem
1125 601 1240 656 illis
1277 600 1402 656 aliis
1440 599 1846 670 praesentibuS‚
1900 599 2029 671 qnia

146 679 240 736 hoc
280 679 369 735 hic
406 681 720 736 indecorum
758 682 1046 736 admodum
1081 682 1382 752 judicatur.
1438 679 1651 734 Deinde
1688 679 2031 733 administra·

141 761 216 816 tio
256 760 516 815 bonorum
557 780 753 832 magna
787 778 855 816 ex
881 767 1032 832 parte
1058 762 1147 817 hic
1173 780 1204 816 a
1230 760 1480 815 foeminis
1507 759 1809 830 dependet,
1848 758 2027 829 quoad

145 841 378 896 culinam
433 843 501 895 ad
561 842 800 913 hospites
851 843 998 896 laute
1036 841 1415 905 tractandum,
1476 844 1539 893 ut
1578 840 1665 893 hic
1704 838 1865 892 moris
1903 843 2022 902 est,

143 925 190 976 et
246 922 427 975 omnia
465 921 591 987 illa,
656 941 794 994 quae
832 927 1082 993 spectant
1118 921 1186 975 ad
1229 938 1467 975 mensam
1506 925 1562 974 et
1598 918 1853 974 cubicula
1891 919 2027 972 bene

141 1001 541 1072 prospicienda,
583 1002 714 1056 item
757 1007 817 1056 ut
853 1001 1070 1057 ancillis
1107 1000 1383 1073 praesint,
1422 1017 1558 1071 quas
1594 999 1651 1053 in
1692 1016 1889 1069 magno
1926 1017 2029 1054 nu·-

143 1096 281 1134 111010
337 1079 629 1146 habemus,
688 1086 744 1136 et
799 1081 1027 1146 similia,
1081 1098 1220 1153 quae
1266 1083 1329 1134 ut
1366 1079 1639 1149 superflua
1677 1078 1764 1133 hic
1802 1079 2027 1136 retineo,

141 1158 373 1230 Reliqua
408 1178 546 1231 quae
585 1164 836 1231 spectant
871 1178 1054 1217 servos
1090 1164 1147 1214 et
1183 1159 1463 1222 subditos,
1503 1160 1622 1213 viro
1653 1159 1872 1231 quidem
1894 1176 2023 1214 con-

140 1241 393 1302 veniunt,
441 1240 535 1294 sed
573 1259 682 1296 non
720 1241 1009 1297 difficulter
1049 1259 1146 1313 pro
1183 1241 1253 1294 50
1291 1239 1666 1310 imperialibus
1703 1242 1886 1310 potest
1921 1239 2023 1293 im-

137 1321 363 1390 petrari,
409 1325 471 1374 nt
508 1321 576 1376 ab
612 1321 798 1394 aliquo
835 1321 992 1378 nobis
1030 1323 1162 1376 haec
1199 1321 1683 1385 administrentur,
1723 1323 1891 1390 prout
1918 1319 2023 1391 ipsi

137 1399 534 1464 desideramus,
596 1401 732 1456 adeo
789 1406 852 1456 ut
902 1404 1012 1457 fere
1062 1402 1120 1456 in
1170 1405 1350 1455 totum
1394 1400 1561 1455 ducta
1600 1398 1825 1453 muliere
1864 1402 1918 1452 et
1956 1397 2026 1452 50

135 1479 493 1550 imperialium
552 1481 810 1553 impensis
861 1479 1353 1537 administrationis
1404 1478 1624 1549 negotio
1662 1477 2027 1532 sublevemur.

135 1560 333 1622 Por-10,
393 1559 523 1632 quia
561 1561 800 1616 maritati
841 1579 950 1615 non
990 1563 1329 1621 invitantur,
1374 1558 1478 1613 nisi
1517 1559 1585 1613 ad
1622 1558 1750 1613 illos
1787 1575 1849 1611 ex
1891 1574 2024 1628 quo·

135 1657 246 1694 rum
306 1638 515 1694 familia
566 1647 729 1704 sunt,
788 1641 880 1696 sed
939 1641 1180 1695 nondum
1240 1639 1457 1695 uxorati
1498 1639 1706 1699 ubivis.
1768 1655 1877 1709 quo
1915 1635 2021 1692 sibi

135 1719 368 1792 aliquam
407 1720 645 1791 eligendi
684 1721 1023 1776 occasionem
1063 1721 1331 1782 habeant,
1379 1724 1543 1792 atque
1580 1719 1659 1772 ita
1697 1718 1901 1772 multae
1939 1717 2024 1772 in·-

133 1798 424 1853 vitationes
461 1800 920 1871 proscinduntur,
970 1807 1026 1854 et
1064 1818 1157 1871 per
1195 1817 1533 1871 consequens
1570 1798 1751 1853 denuo
1791 1797 2025 1853 multum

133 1880 387 1949 temporis
443 1880 582 1935 lucri
637 1882 718 1935 fit.
798 1882 1081 1945 Ulterius,
1138 1880 1319 1936 mariti
1377 1898 1487 1934 non
1545 1883 1629 1933 tot
1677 1878 2024 1934 visitationes

131 1958 358 2013 habent:
419 1956 520 2014 hae
559 1979 668 2015 non
707 1962 878 2025 finnt,
935 1962 1042 2016 nisi
1083 1963 1150 2017 ab
1187 1964 1379 2019 amicis
1416 1968 1513 2016 aut
1550 1960 1840 2031 proximis,
1903 1976 2025 2014 raro

131 2053 254 2093 vero
309 2038 380 2093 ab
429 2039 570 2097 aliis,
644 2042 885 2096 Tandem
926 2042 970 2095 si
1009 2058 1226 2113 quoque
1264 2042 1535 2098 conviviis
1573 2042 1881 2104 intersunt,
1938 2044 2025 2094 tot

132 2120 348 2189 negotia
385 2136 493 2173 non
534 2120 772 2181 habent,
815 2122 944 2193 quia
983 2121 1072 2176 hic
1111 2139 1220 2176 non
1260 2126 1343 2176 est
1383 2121 1579 2183 moris,
1624 2120 1705 2175 uti
1733 2121 1789 2175 in
1816 2119 2019 2183 Gallia,

133 2204 188 2253 ut
224 2200 349 2271 quis
386 2204 741 2254 conversetur
790 2204 900 2254 tam
942 2200 1173 2255 multum
1214 2218 1341 2255 cum
1377 2200 1684 2271 virginibus
1721 2204 1818 2253 aut
1856 2201 2021 2253 ctiam

129 2276 248 2333 aliis
305 2280 586 2345 foeminiS,
647 2299 711 2334 ea
761 2283 972 2334 ratione
1023 2298 1088 2336 ac
1138 2280 1340 2335 ibidem
1387 2280 1501 2334 fieri
1540 2278 1695 2336 solet.
1768 2278 2020 2351 Denique

127 2376 224 2413 nec
279 2362 529 2414 tenemur
585 2361 852 2415 conviviis
904 2377 1000 2431 per
1054 2365 1270 2415 tantum
1309 2359 1569 2431 temporis
1606 2357 1841 2428 spatium
1879 2357 2020 2412 inte·

122 2452 268 2490 resse
307 2438 376 2493 ob
414 2440 490 2493 rei
531 2440 859 2496 domesticae
898 2458 1168 2495 caussam.
1210 2440 1373 2499 Quae
1412 2440 1595 2493 omnia
1632 2439 1676 2491 si
1720 2437 1855 2491 bene
1893 2453 2020 2492 con·

113 2516 357 2580 sidereS,
399 2520 652 2574 conficies
690 2525 956 2593 quantum
995 2518 1258 2590 temporis
1297 2518 1424 2573 hinc
1463 2518 1765 2579 lucremur,
1809 2522 1865 2571 et
1902 2534 2022 2587 pro·

115 2594 250 2649 inde
305 2606 572 2669 quantum
630 2598 788 2654 bonis
844 2600 1044 2655 studiis
1099 2599 1364 2653 destinari
1425 2598 1633 2669 possit,
1691 2596 1746 2651 id
1786 2596 1932 2668 quod
1972 2597 2019 2651 si

123 2674 246 2745 quis
299 2678 540 2732 nondum
597 2679 885 2750 conjugem
944 2679 1138 2743 habet,
1200 2677 1423 2732 minime
1469 2677 1557 2732 bic
1596 2676 1835 2731 locorum
1875 2677 2022 2730 inter

125 2753 347 2810 Nobiles
383 2759 498 2811 fieri
537 2762 748 2829 potest;
791 2766 854 2813 ut
873 2764 1079 2814 taceam
1109 2756 1288 2812 multa
1312 2757 1422 2812 alia
1447 2756 1820 2819 incommoda,
1863 2772 2016 2826 prae-

125 2835 304 2889 sertim
353 2836 569 2902 duella,
626 2854 765 2909 quac
804 2838 893 2893 hic
932 2838 989 2892 in
1029 2855 1226 2907 magna
1262 2837 1661 2891 consuetudine
1685 2879 1698 2899 ,
1740 2841 1796 2889 et
1833 2855 1865 2889 a
1906 2851 2014 2889 ma-

123 2913 275 2979 ritis,
325 2915 419 2987 qui
458 2920 542 2970 tot
579 2917 847 2973 conviviis
886 2934 994 2971 non
1033 2918 1344 2981 intersunt,
1407 2920 1463 2971 et
1499 2916 1706 2971 nullam
1746 2916 2015 2986 virginem

124 2990 350 3059 habent,
394 3012 492 3065 pro
529 3014 637 3068 qua
673 2998 1000 3061 obtinenda,
1045 3000 1108 3051 ut
1145 3014 1306 3067 saepe
1346 2998 1435 3059 fit,—
1476 3001 1719 3060 certent,
1762 3013 1871 3049 non
1909 2994 2014 3049 dif-

121 3070 335 3127 ficulter
385 3072 750 3134 declinantur.
821 3076 1052 3133 Interim
1109 3091 1239 3133 vero
1296 3076 1423 3133 hinc
1480 3094 1735 3149 magnum
1790 3073 2017 3147 impedi·
