2432 3554
1326 192 1405 249 80

1018 393 1270 450 CAPUT
1308 393 1704 450 OCTAVUM.

969 585 1045 623 na
1096 583 1335 624 anona
1389 581 1762 624 ian-unam&

494 743 605 802 Hic
637 744 785 815 jam,
833 748 1126 816 antequam
1164 744 1234 798 ad
1273 743 1424 798 aliud
1464 747 1830 807 transeamus,
1877 741 2111 796 breviter
2147 741 2315 794 totam

416 823 825 896 distinguemus
862 828 1113 878 naturam
1153 825 1211 879 in
1245 828 1358 878 nat.
1390 828 1737 878 naturantem
1765 827 1820 876 et
1845 827 1963 878 nat.
1993 823 2315 876 naturatam.

494 981 603 1036 Per
661 986 897 1036 naturam
950 987 1270 1038 maturantem
1327 981 1690 1052 intelligimus
1727 999 1851 1044 ens,
1916 980 2062 1052 quod
2100 995 2196 1051 per
2235 995 2315 1039 se,

422 1079 525 1117 nec
567 1061 675 1116 alia
715 1061 949 1133 quadam
986 1079 1043 1116 re
1082 1081 1220 1134 opus
1258 1059 1464 1116 habens
1501 1061 1612 1129 (uti
1637 1077 1826 1115 omnes
1850 1059 2215 1132 proprietates
2239 1056 2317 1109 vel

419 1140 697 1196 attributa
733 1159 873 1213 quae
910 1141 1191 1213 hucusque
1223 1142 1664 1214 descripsimus),
1699 1141 1848 1198 clare
1873 1147 1929 1196 et
1954 1141 2219 1196 distincte
2245 1140 2318 1192 in-

424 1220 761 1292 telligimus;
802 1221 949 1293 quod
985 1225 1072 1276 est
1108 1221 1292 1285 Deus;
1335 1224 1417 1276 uti
1444 1227 1499 1277 et
1521 1221 1836 1276 'I'homistae
1861 1221 2038 1276 Deum
2069 1237 2168 1292 per
2191 1217 2318 1274 illud

426 1300 791 1365 intellexere;
852 1305 1049 1355 natura
1105 1319 1233 1356 vero
1287 1319 1474 1358 eorum
1514 1308 1778 1357 naturane
1815 1304 1901 1356 est
1937 1319 2065 1366 ens,
2107 1301 2194 1355 uti
2233 1315 2319 1372 pu-

426 1382 655 1444 tabant,
700 1386 854 1436 extra
891 1399 1079 1436 omnes
1117 1383 1472 1438 substantias.

502 1620 769 1676 Naturam
806 1625 1101 1675 naturatum
1137 1620 1196 1677 in
1237 1621 1346 1676 duo
1383 1620 1722 1684 dividemus,
1781 1637 1974 1690 nempe
2012 1620 2069 1674 in
2106 1634 2318 1691 genera·

430 1701 536 1756 lem
578 1706 632 1755 et
675 1701 1075 1773 particularem.
1139 1703 1408 1758 Generalis
1437 1702 1694 1758 consistit
1717 1701 1775 1756 in
1801 1699 2056 1756 omnibus
2077 1697 2197 1754 illis
2224 1713 2318 1752 mo·

431 1783 517 1837 dis
541 1822 559 1847 ,
620 1800 760 1855 quae
815 1802 849 1837 a
884 1782 1004 1838 Deo
1047 1784 1362 1839 immediate
1398 1782 1666 1856 pendent,
1727 1782 1796 1837 de
1831 1799 1940 1855 quo
1977 1781 2036 1836 in
2073 1781 2322 1852 sequente

430 1862 797 1918 tractabimus
852 1862 1053 1933 capite.
1134 1864 1491 1919 Particularia
1535 1863 1787 1919 consistit
1825 1862 1884 1917 in
1921 1856 2180 1916 omnibns
2214 1856 2320 1913 istis
2391 1922 2393 1927 .

434 1942 861 2014 particularibus
916 1943 1077 1998 rebus
1138 1961 1280 2016 quae
1334 1962 1367 1999 a
1407 1945 1580 2001 modis
1628 1942 1976 2017 generalibus
2013 1943 2318 1997 causantur.
2392 1976 2393 1995 ἢ

434 2026 525 2081 Ita
602 2030 663 2079 ut
739 2029 937 2081 natura
992 2030 1280 2091 naturata,
1342 2030 1404 2081 ut
1463 2026 1598 2081 bene
1653 2024 2021 2097 concipiatur,
2101 2021 2318 2095 quadam
2391 2012 2393 2128 A

432 2104 747 2161 substantia
786 2105 1047 2177 indigeat.

1100 2542 1352 2599 CAPUT
1388 2542 1689 2600 NONUM.

1022 2730 1101 2769 DE
1143 2730 1385 2770 NATURA
1423 2730 1754 2771 NATURATA.

518 2887 685 2947 Quod
706 2889 817 2960 jam
858 2892 927 2945 ad
958 2897 1213 2947 naturam
1241 2896 1552 2947 naturatam
1579 2909 1704 2963 gen.
1733 2891 1962 2952 attinet,
2007 2889 2125 2944 sive
2153 2886 2322 2942 modos
2385 2930 2387 2951 ᾗ

446 2966 535 3023 vel
586 2977 895 3039 creaturas,
952 2991 1091 3046 quae
1128 2971 1443 3030 immediate
1479 2990 1513 3029 a
1551 2972 1668 3029 Deo
1707 2970 1972 3045 pendent,
2015 2968 2209 3025 horum
2243 2980 2322 3020 no·
