2432 3554
282 255 340 298 11
1011 253 1471 296 PRAEFATIO.

287 456 391 513 rat.
463 454 587 511 Jam
651 455 706 510 et
764 450 1048 526 integrum
1105 452 1377 553 Spinozae
1419 452 1741 512 Tractatum
1780 454 1996 531 publici
2028 456 2173 531 juris

287 543 467 602 facere
509 539 815 599 admodum
858 541 1104 616 optabile
1143 541 1325 598 visum
1368 547 1468 599 est.
1514 542 1783 618 Quamvis
1826 544 1975 601 enim
2018 545 2180 622 (111οᾶ

285 634 348 692 111
393 629 744 690 Praefatione
786 649 1019 706 operum
1066 629 1494 706 posthumorum
1537 632 1607 689 de
1657 633 1999 690 absconditis
2043 634 2171 711 phi-

285 720 512 798 losophi
575 718 794 796 scriptis
851 717 1302 788 existimabatur,
1370 719 1487 788 „nil
1528 719 1586 778 in
1620 720 1690 778 iis
1736 721 2023 780 inventum
2066 723 2169 794 iri,

289 810 444 888 quod
486 807 708 885 saepius
750 807 809 865 in
851 807 1019 865 editis
1061 809 1178 883 ejus
1228 807 1450 886 scriptis
1492 808 1703 867 dictum
1732 829 1843 868 non
1872 809 2015 881 sit'',
2058 812 2171 870 lec-

287 897 506 956 toribus
566 897 709 953 forte
764 895 1044 953 videbitur
1097 897 1268 954 etiam
1310 897 1379 956 de
1421 905 1612 956 nostro
1655 900 1837 958 valere
1879 902 2168 972 Tractatu,

290 1007 492 1065 operae
552 983 799 1062 pretium
861 992 1048 1043 tamen
1109 985 1396 1045 habebunt
1457 988 1639 1045 varios
1692 989 1891 1047 modos
1934 1010 2173 1067 cognos-

290 1096 444 1146 cere,
509 1073 718 1153 quibus·
763 1073 1001 1151 Spinoza
1045 1077 1275 1134 Ethicae
1318 1095 1450 1134 suae
1492 1077 1803 1152 principia,
1849 1080 1953 1136 etsi
1997 1111 2075 1122 ——-
2114 1080 2174 1138 in

293 1164 546 1225 doctrina
601 1163 928 1240 praesertim
972 1165 1043 1222 de
1082 1163 1438 1242 passionibus
1478 1199 1561 1207 --
1600 1166 1789 1222 minus
1832 1168 2017 1225 adhuc
2058 1170 2171 1226 ela-

286 1247 482 1312 borata
543 1253 828 1330 professus
891 1259 990 1312 est.
1074 1253 1142 1312 In
1186 1253 1383 1310 eodem
1426 1259 1613 1311 autem
1655 1255 1915 1313 Tractatu
1956 1257 2171 1332 capitu·

289 1344 408 1401 lum
465 1361 690 1419 quoque
745 1341 889 1399 illud
945 1341 1016 1399 de
1079 1341 1319 1400 Diabolo
1384 1349 1537 1400 extat
1598 1344 1755 1418 cujus
1817 1365 1849 1402 a
1890 1345 2073 1422 Mylio
2114 1347 2175 1404 in

287 1431 644 1492 Bibliotheca
688 1435 1117 1510 Anonymorum
1159 1431 1371 1490 mentio
1410 1431 1475 1488 fit
1494 1431 1531 1490 ¹.
1578 1433 1749 1508 Quod
1792 1453 1919 1490 vero
1960 1434 2173 1494 ibidem

289 1521 518 1580 additur
575 1521 872 1598 Spinozam
920 1523 1164 1600 primum
1205 1520 1435 1596 Belgica
1478 1521 1737 1579 Ethicam
1779 1524 2173 1600 conscripsisse

289 1611 476 1672 minus
531 1617 684 1668 recte
736 1610 964 1681 dicitur,
1024 1631 1150 1668 cum
1206 1607 1432 1668 disertis
1490 1609 1671 1667 verbis
1712 1611 1772 1668 in
1814 1613 2173 1672 annotatione

291 1700 362 1758 ad
405 1699 726 1759 Tractatum
768 1704 1023 1757 nostrum
1064 1699 1284 1775 legatur
1322 1699 1487 1756 illum
1527 1699 1725 1757 Latine
1767 1701 2013 1776 primum
2040 1721 2173 1760 con-

293 1790 594 1867 scriptum,
643 1789 846 1847 deinde
889 1808 1020 1847 vero
1061 1789 1291 1867 Belgice
1333 1788 1617 1846 redditum
1660 1808 1811 1860 esse,
1864 1791 1953 1849 oui
1996 1810 2174 1849 asser·

293 1878 434 1936 tioni
499 1898 602 1937 nec
659 1897 826 1955 quam
880 1877 1111 1955 plurimi
1167 1876 1553 1935 contradicunt
1594 1878 1865 1937 versionis
1904 1879 2205 1957 Belgicae.

290 1966 610 2027 Latinismi.
674 1968 996 2025 Tractatum
1038 1964 1259 2025 edituro
1282 2014 1297 2038 ,
1344 1986 1584 2045 cumque
1612 1968 1763 2044 apud
1792 1974 2011 2027 exteros
2039 1969 2173 2027 Bel-

293 2056 418 2133 gica
479 2054 592 2113 fere
656 2075 770 2113 non
825 2055 1114 2130 legantur,
1179 2074 1344 2114 curae
1386 2056 1526 2114 mihi
1568 2075 1688 2113 esse
1730 2056 1927 2115 debuit
1974 2058 2175 2115 Latine

294 2165 423 2205 eum
467 2149 709 2213 vertere3
755 2144 910 2222 quod
952 2162 1018 2201 eo
1059 2142 1281 2201 facilius
1321 2143 1499 2214 facere
1539 2144 1732 2221 potui,
1778 2145 1910 2222 quia
1938 2147 2179 2204 alterum

295 2233 499 2293 deinde
541 2232 680 2291 1111111
719 2231 984 2307 Belgicae
1027 2232 1296 2291 versionis
1339 2234 1656 2310 exemplar,
1714 2254 1747 2291 a
1792 2234 1909 2291 viro
1950 2234 2178 2311 amplis·

295 2325 440 2383 simo
484 2319 824 2379 amicissimo
848 2366 863 2390 ‚
932 2320 1353 2396 elegantissimo
1395 2329 1562 2399 poeta
1603 2328 1883 2392 nostrate,
1927 2324 2179 2383 Adriano

293 2412 546 2487 Bogaers
601 2410 913 2469 exhibitum
957 2416 1072 2480 est,
1137 2430 1249 2487 (1110
1292 2410 1382 2468 1110
1423 2410 1567 2481 11110,
1633 2410 1731 2468 ubi
1772 2412 2179 2469 Mullerianum

293 2500 480 2560 minus
523 2501 668 2558 clare
711 2519 770 2557 se
812 2500 1068 2570 haberet,
1135 2520 1271 2558 usus
1313 2520 1470 2569 sum,
1531 2502 1803 2579 cujusque
1844 2508 1900 2559 et
1939 2502 2037 2561 illa
2078 2502 2178 2561 be-

297 2591 530 2649 nevolae
594 2589 820 2647 omnino
882 2609 1080 2648 manus
1141 2591 1427 2648 annotatio
1471 2596 1593 2659 est,
1656 2591 1728 2648 de
1771 2610 1882 2667 qua
1924 2590 2180 2650 dicebam

302 2700 584 2761 quamque
624 2679 735 2757 ipsi
776 2680 1068 2737 Tractatus
1108 2678 1380 2755 adscripsi
1422 2680 1607 2738 titulo,

291 2836 374 2851 μ

319 2916 343 2960 1
409 2913 631 2971 ‚‚Ethiea,
683 2928 797 2976 quae
843 2912 899 2959 ab
948 2918 1130 2959 auctore
1154 2914 1345 2973 primum
1379 2914 1647 2962 Batavorum
1684 2932 1880 2963 sermone
1910 2918 2189 2977 conscripta,

287 2992 444 3045 postea
489 2984 544 3031 ab
581 2984 730 3033 eodem
769 2984 816 3029 in
847 2983 1045 3043 linguam
1077 2982 1285 3029 Latinam
1321 2984 1527 3031 traducta
1558 2991 1603 3031 et
1636 2986 1843 3033 methodo
1876 2986 2191 3033 mathematica

285 3063 356 3103 est
399 3057 642 3118 disposita,
694 3055 858 3102 omisso
891 3062 1039 3101 tamen
1072 3057 1189 3115 quod
1223 3056 1270 3103 in
1303 3056 1542 3116 exemplari
1577 3056 1850 3103 Hollandico
1883 3056 2191 3119 manuscripto

290 3126 436 3175 adhuc
467 3134 617 3174 extare
648 3126 812 3174 dicitur
843 3127 989 3187 capite
1020 3126 1074 3173 de
1107 3126 1345 3174 Diaboloff’
1377 3127 1496 3174 Bibe.
1527 3144 1657 3176 anon.
1690 3144 1733 3187 p.
1766 3129 1855 3175 ⁹41
1875 3165 1889 3185 ,
1926 3130 1969 3175 6.
