2432 3554
1312 179 1432 239 320

427 338 807 394 Dominationi
843 337 1110 406 Vestrae,
1147 359 1279 396 num
1316 359 1487 414 aeque
1524 359 1591 398 ac
1626 342 1769 398 alius
1808 360 2047 408 merear,
2085 345 2144 398 nt
2173 339 2279 396 mihi

421 426 774 477 succurratur
811 439 878 475 ne
917 423 1102 477 studia
1138 441 1258 477 mea
1294 424 1515 494 penitus
1540 422 1905 478 intermittere
1932 427 2147 480 coactus
2166 423 2273 480 sim.

417 499 583 571 idque
637 501 710 555 ob
767 500 912 556 solas
953 502 1230 556 vanitates
1268 501 1432 572 hujus
1468 502 1659 558 mundi
1681 544 1696 568 ,
1756 521 1788 557 a
1826 503 2027 575 quibus
2062 521 2154 574 ego
2184 499 2279 573 qui·

419 581 544 634 dem
601 579 866 636 hactenus
917 599 1000 636 me
1037 581 1269 637 feliciori
1308 599 1564 637 successu
1584 623 1599 646 ,
1658 599 1822 654 quam
1859 601 2099 654 unquam
2132 597 2279 654 spera·

419 677 604 714 veram
623 699 642 726 ,
684 660 944 726 liberavi,
985 665 1154 734 utque
1189 661 1406 727 videat,
1448 663 1495 716 si
1534 661 1665 717 mihi
1706 668 1961 732 procuret
1997 663 2201 732 Parisijs
2228 664 2279 714 ut

419 739 609 812 pensio
647 740 740 810 (de
765 759 874 814 qua
898 741 1139 797 nondum
1167 741 1419 797 absolute
1444 743 1695 810 securus)
1720 742 2057 798 honorabilis
2080 741 2279 812 assigna-

417 823 542 885 tur,
583 837 712 874 num
751 838 816 874 ea
851 839 1024 893 aeque
1061 821 1262 890 dig-nus
1299 839 1363 878 ac
1400 821 1543 877 alius
1580 825 1678 876 aut
1715 840 1847 876 num
1887 822 2019 878 hae-c
2043 837 2274 876 recomen-

415 899 569 954 datio
623 901 727 955 mei
766 900 825 955 in
863 901 946 955 sui
988 901 1243 956 honorem
1282 901 1341 957 in
1378 902 1625 956 futurum
1662 903 1854 967 cadet,
1916 902 2022 974 ipsi
2060 903 2151 956 hac
2180 898 2275 952 vice

415 981 732 1035 transmitto
787 980 1053 1052 scriptum
1091 981 1158 1036 de
1197 981 1434 1037 sanitate
1472 981 1845 1036 conservanda
1867 1023 1882 1046 ‚
1946 981 2091 1054 quod
2125 984 2171 1034 te
2201 993 2274 1048 ap·

404 1059 584 1129 ‘prime
646 1059 954 1115 desiderare
993 1079 1249 1132 praesens
1286 1061 1545 1118 indicasti
1560 1105 1573 1125 .
1630 1067 1687 1116 et
1722 1061 1869 1135 quod
1910 1081 1975 1117 ea
2012 1059 2272 1117 intentione

414 1156 630 1210 quoque
667 1141 1038 1206 communico,
1088 1145 1151 1196 ut
1188 1141 1365 1213 possis
1405 1142 1531 1198 hinc
1568 1140 1859 1213 colligere,
1900 1141 2047 1214 quod
2082 1157 2177 1194 non
2206 1153 2269 1190 so·

414 1217 529 1273 lum
588 1219 772 1275 studia
810 1221 1193 1278 mathematica
1233 1222 1497 1277 hactenus
1534 1221 1903 1288 excoluerim,
1962 1221 2063 1276 hoc
2096 1221 2265 1290 ipsum,

412 1298 810 1371 qualecumque
863 1304 947 1354 est
1003 1301 1174 1370 (circa
1234 1301 1515 1357 materiam
1574 1318 1715 1373 quae
1755 1301 1888 1357 mihi
1926 1303 2137 1357 videtur
2166 1296 2267 1352 satis

411 1378 648 1436 difficilis
705 1399 854 1444 ease,
913 1385 978 1436 ut
1031 1382 1243 1453 aliquid
1290 1386 1501 1437 certum
1538 1382 1965 1452 determinetur)
2002 1381 2143 1436 Tuae
2172 1393 2259 1433 cen·

411 1477 571 1515 surae
609 1459 862 1531 subjicin.
925 1462 1090 1517 Alius
1127 1463 1269 1517 forte
1306 1463 1409 1518 hoc
1459 1462 1645 1517 statim
1684 1463 1835 1533 typis
1862 1462 2164 1521 mandaret,
2189 1453 2257 1509 sed

411 1557 514 1612 ego
567 1539 858 1595 admodum
916 1545 1076 1597 caute
1125 1547 1182 1596 et
1220 1541 1371 1596 lento
1408 1540 1545 1612 pede
1582 1541 1731 1596 soleo
1768 1540 1919 1596 circa
1957 1538 2147 1595 similia
2172 1549 2260 1588 ver-

412 1620 549 1682 sari,
613 1625 670 1674 et
727 1626 1016 1692 postquam
1071 1637 1195 1676 cum
1252 1621 1444 1677 amicis
1498 1623 1601 1676 hac
1650 1621 1719 1676 de
1756 1638 1815 1674 re
1852 1619 2083 1676 consilia
2116 1613 2261 1671 habui.

409 1698 729 1770 Aliquando
785 1716 913 1754 vero
969 1700 1070 1755 hoc
1123 1699 1227 1758 Do,
1282 1699 1538 1765 Colbert,
1597 1701 1645 1756 si
1681 1701 1762 1756 ita
1798 1699 1904 1755 tibi
1942 1700 2145 1760 visum,
2188 1690 2263 1748 sed

409 1780 644 1835 necdum
681 1782 1034 1853 impressum,
1073 1782 1519 1845 communicabo;
1562 1780 1785 1853 quando
1821 1781 2080 1836 nimirum
2102 1776 2257 1832 tracta-

409 1865 530 1914 tum
588 1861 1029 1917 mathematicum
1087 1861 1156 1915 de
1211 1878 1321 1934 quo
1368 1879 1551 1917 coram
1588 1866 1646 1915 et
1681 1878 1843 1932 quem
1883 1861 2000 1932 regi
2038 1851 2256 1914 destinavi

409 1939 616 2011 publici
649 1940 792 2010 juris
829 1941 1058 2003 faciam;
1117 1940 1162 1996 si
1202 1938 1337 1996 haec
1372 1941 1737 1996 dominationi
1770 1943 1987 1995 vestrae
2012 1943 2157 2011 grata
2172 1948 2256 1987 esse

409 2020 550 2085 scio,
600 2020 710 2075 alio
747 2025 988 2091 tempore
1010 2063 1024 2086 ,
1067 2021 1334 2093 quaedam
1373 2020 1791 2077 communicabo
1828 2021 1977 2075 circa
2013 2018 2255 2073 tractatum

409 2117 566 2171 quem
607 2100 908 2170 conscripsi
945 2100 1013 2154 de
1051 2099 1431 2155 emendatione
1468 2098 1821 2163 intellectus,
1864 2100 1959 2171 qui
1997 2100 2045 2153 si
2080 2112 2173 2151 non
2200 2106 2263 2145 me

407 2178 699 2234 admodum
761 2178 906 2251 fallit
961 2180 1188 2251 opini0,
1253 2180 1358 2251 ipsi
1414 2197 1525 2235 non
1562 2179 1916 2251 displicebit;
1969 2178 2081 2249 jam
2114 2172 2262 2229 saltem

409 2264 670 2316 contenta
737 2258 826 2315 hic
881 2259 1157 2315 indicabo.
1254 2260 1525 2315 Consistit
1582 2266 1765 2314 autem
1820 2257 1883 2315 in
1940 2258 2087 2313 hisce
2128 2252 2263 2309 trihus

408 2339 692 2411 partibus:
769 2340 822 2393 1.
883 2356 1004 2411 qua„
1045 2340 1331 2393 occasione
1388 2348 1445 2393 et
1502 2340 1755 2395 methodo
1812 2339 1870 2393 in
1920 2339 2067 2394 viam
2102 2332 2260 2391 incide-

409 2420 512 2474 rim
571 2436 731 2491 quam
787 2419 1310 2490 praestantissimam
1361 2420 1585 2490 judice,
1640 2420 1708 2475 ad
1755 2436 1919 2491 quam
1957 2419 2017 2473 in
2056 2418 2148 2471 hac
2175 2411 2263 2465 vit&

410 2501 648 2571 aspirare
689 2500 852 2563 licet,
892 2516 1139 2570 quaeque
1177 2502 1263 2553 est
1298 2500 1547 2555 inventio
1584 2500 1837 2555 veritatis
1875 2516 1973 2571 per
2010 2516 2106 2553 nos
2136 2495 2263 2565 ipsos·

411 2582 464 2634 2.
525 2578 680 2634 Artis
724 2580 1042 2633 inveniendi
1099 2579 1379 2650 generalia
1414 2586 1707 2651 praecepta
1743 2580 1947 2651 quibus
1984 2576 2149 2648 adjuti
2179 2587 2263 2625 non

410 2659 586 2713 solum
626 2658 960 2730 impossibile
997 2660 1133 2721 erit,
1180 2662 1245 2712 ut
1282 2675 1522 2730 unquam
1562 2660 1620 2714 in
1657 2658 1796 2713 falsa
1833 2658 2157 2715 incidamus,
2190 2648 2260 2704 sed

409 2739 594 2809 potius
631 2744 780 2793 certo
818 2755 1030 2810 semper
1067 2740 1351 2793 veritatem
1394 2740 1563 2793 simus
1600 2739 1913 2809 cognituri:
1972 2738 2111 2811 quod
2142 2730 2262 2788 infal-

412 2818 595 2871 libiter
649 2835 858 2887 semper
914 2817 998 2872 his
1054 2818 1243 2887 medijs
1300 2817 1531 2873 ulterius
1589 2819 2002 2889 propediemur‘,
2062 2832 2186 2871 nova
2214 2825 2261 2863 ac

409 2913 552 2950 nova
589 2897 851 2951 continuo
887 2898 1219 2967 detegendo,
1264 2899 1425 2952 modo
1460 2916 1562 2953 nos
1600 2899 1669 2953 ad
1708 2898 1845 2952 talia
1882 2898 2147 2971 applicare
2176 2889 2263 2946 ani·

410 2994 531 3029 mus
588 2976 744 3031 nobis
781 2976 887 3039 sit,
946 2977 1111 3049 idque
1149 2978 1351 3048 exiguo
1388 2978 1591 3033 labore.
1672 2979 1721 3034 3.
1758 2976 1829 3031 In
1870 2996 1981 3051 quo
2014 2974 2258 3049 praecipue

413 3053 661 3123 subjecto
713 3054 1106 3125 perscrutando
1161 3058 1327 3112 istam
1370 3052 1613 3114 suav'iter
1650 3062 1707 3113 et
1743 3075 1869 3115 cum
1910 3056 2259 3115 oblectamento
