2432 3554
1240 175 1371 260 332

437 335 622 392 Primo
659 335 857 390 etenim
896 335 1126 390 efficiam
1167 339 1229 389 ut
1254 335 1489 408 aliquem
1518 335 1741 391 habeam
1761 379 1774 402 ,
1816 337 1911 410 qui
1941 336 2093 392 bonis
2116 335 2227 390 meis

364 416 596 487 praesit,
653 421 818 486 prout
872 416 1006 471 satis
1043 416 1173 471 mihi
1207 416 1321 487 jam
1360 415 1611 486 prospexi
1650 416 1750 473 hac
1788 417 1847 471 in
1884 434 1941 471 re
1955 456 1972 482 ‚
2029 435 2129 488 quo
2162 417 2224 470 rei

366 496 694 551 domesticae
732 495 900 550 nullis
938 495 1084 550 curis
1122 495 1387 550 detinear.

435 577 518 633 20.
572 575 994 642 Astronomum,
1051 576 1145 648 qui
1183 593 1392 630 mecum
1430 575 1837 631 observationes
1874 576 2127 630 caelestes
2158 576 2225 630 in·

364 655 591 720 stituat,
652 655 733 710 uti
789 655 1053 711 hactenus
1108 656 1273 710 talem
1328 655 1549 726 Lipsiae
1605 657 1707 712 Mr.
1750 655 1919 710 Kirch
1980 655 2226 711 habemus.

362 735 528 791 Hunc
580 735 650 788 ad
687 740 882 790 nutum
921 754 1098 790 meum
1135 753 1353 806 possum
1394 735 1591 789 babere
1627 735 1846 807 quando
1882 735 2037 800 vo10,
2072 741 2123 789 et
2154 751 2224 788 res

360 817 618 871 conclusa
655 820 797 870 esset
833 817 978 871 inter
1015 833 1144 879 nos,
1207 817 1315 871 nisi
1352 817 1598 870 timerem
1636 816 1768 870 mihi
1808 817 1948 869 forte
1988 833 2087 870 non
2121 833 2223 870 sue·

357 911 576 950 cursum
631 896 700 950 iri
750 900 913 966 prout
954 895 1222 951 desidero.
1300 896 1411 951 Hic
1447 914 1639 966 nempe
1677 895 1760 950 vir
1798 895 1867 952 D.
1906 895 2107 966 Hevelij
2142 911 2221 966 per

360 975 562 1030 multos
615 992 788 1029 annos
843 976 951 1030 fuit
1004 976 1322 1031 observator
1360 980 1415 1030 et
1451 975 1755 1030 calculator
1790 975 1848 1030 in
1888 975 2045 1030 rebus
2077 981 2218 1029 astro-

359 1054 603 1111 nomieiS.
676 1055 786 1110 Hic
817 1055 932 1125 jam
968 1057 1193 1127 Lipsiae
1231 1056 1415 1128 degit,
1460 1059 1515 1109 et
1542 1054 1776 1126 singulis
1802 1057 1963 1110 annis
1990 1055 2214 1127 Epheme-

361 1133 506 1186 rides
542 1133 851 1189 continuat.

428 1213 516 1267 30.
555 1211 776 1268 Faciam
815 1218 878 1268 ut
915 1215 1194 1270 Medicum
1234 1214 1487 1277 habeam,
1529 1215 1621 1286 qui
1660 1215 1896 1285 pecunia
1932 1213 2107 1286 aliqua
2129 1213 2213 1268 sin·

356 1290 503 1362 gulis
539 1293 698 1346 annis
737 1293 944 1357 soluta,
991 1295 1117 1350 mihi
1159 1297 1218 1349 in
1256 1295 1531 1365 Chymicis
1570 1298 1623 1348 et
1649 1292 2025 1357 AnatomiciS,
2065 1288 2208 1366 qualia

356 1370 725 1441 experimenta
765 1377 819 1427 et
855 1372 1263 1428 observationes
1301 1374 1579 1438 desidero,
1624 1373 1899 1430 instituat.
1967 1374 2086 1429 Scio
2109 1389 2201 1444 quo-

355 1468 460 1523 que
497 1451 763 1523 aliquem,
805 1471 960 1525 quem
1001 1454 1069 1509 ad
1108 1458 1305 1509 nutum
1345 1469 1521 1507 meum
1560 1452 1802 1517 habeb0,
1844 1471 1966 1508 cum
1995 1471 2084 1524 per
2106 1449 2199 1506 mul·

355 1535 442 1586 tos
495 1549 669 1586 annos
725 1532 888 1587 simul
945 1535 1033 1590 hic
1087 1539 1143 1588 et
1197 1535 1256 1588 in
1314 1534 1515 1588 exteris
1560 1533 1695 1588 locis
1734 1533 2035 1588 studiorum
2070 1530 2207 1604 gratia

352 1611 688 1682 conjunctim
745 1613 1056 1670 vixerimus,
1131 1613 1240 1668 Hic
1287 1613 1416 1669 mihi
1459 1615 1571 1686 jam
1608 1613 1903 1684 phosphori
1944 1627 2209 1684 processum

354 1691 674 1746 elaborabit.

423 1774 508 1829 40.
558 1771 852 1845 Egregium
890 1773 1194 1845 analystam
1234 1772 1381 1836 scio,
1442 1777 1497 1826 et
1534 1790 1693 1844 quem
1733 1773 2129 1834 conduxissent,
2172 1767 2203 1822 si

352 1852 512 1906 modo
568 1852 816 1908 absolute
874 1860 1056 1909 certus
1112 1874 1284 1909 essem
1336 1855 1455 1925 ejus
1494 1855 1637 1926 quod
1678 1854 1958 1919 desidem,
2016 1856 2102 1926 qui
2134 1852 2201 1905 mi·

353 1932 407 1987 hi
444 1933 662 2003 quidem
700 1934 758 1989 in
796 1935 1008 1990 calculo
1045 1935 1327 2007 analytice
1364 1934 1596 1989 multum
1638 1934 2029 1990 sublevaminis
2067 1932 2203 2005 posset

353 2011 582 2066 adferre.

420 2094 506 2145 50.
548 2092 929 2148 Mechanicum
971 2093 1058 2149 hic
1092 2092 1265 2149 habeo
1290 2094 1439 2148 ultra
1466 2093 1683 2147 modum
1709 2098 2105 2165 praestantem,
2137 2106 2206 2163 qul

349 2188 382 2225 a
419 2172 573 2227 nullo
611 2173 714 2227 nisi
755 2191 788 2226 a
826 2190 880 2227 se
919 2174 1036 2244 ipso
1073 2175 1293 2245 propria
1330 2174 1690 2230 inclinatione
1722 2176 2058 2239 instructuS,

351 2293 584 2311 .......
623 2254 836 2325 egregie
889 2254 1132 2309 laborare
1171 2256 1346 2309 novit.
1418 2255 1753 2310 Sesinidrius
1790 2260 1907 2319 est,
1969 2253 2205 2323 horologia

348 2333 580 2389 fabricat
603 2376 616 2397 ,
676 2333 844 2388 libros
890 2334 1190 2405 compingit
1229 2342 1285 2387 et
1322 2334 1523 2389 similia
1564 2334 1766 2399 multa,
1809 2353 1949 2407 quae
1980 2334 2127 2389 modo
2144 2330 2203 2384 vi·

347 2413 441 2467 det
463 2456 476 2473 .
535 2414 652 2484 ipse
707 2412 913 2469 efficere
968 2416 1212 2470 conatur.
1291 2414 1399 2469 Hic
1449 2430 1579 2468 vero
1638 2432 1791 2469 meus
1830 2414 2080 2471 subditus
2113 2422 2202 2468 est:

345 2492 474 2548 huic
511 2494 579 2548 30
616 2494 924 2564 imperiales
959 2495 1247 2549 annuatim
1284 2493 1354 2547 do
1376 2536 1391 2555 ‚
1434 2492 1580 2547 unde
1619 2493 1760 2548 nulli
1797 2495 1877 2548 rei
1916 2494 2204 2549 domesticae

345 2572 499 2640 (hinc
537 2574 680 2627 enim
719 2575 832 2627 ruri
880 2574 970 2628 hic
1008 2590 1131 2628 cum
1169 2574 1285 2627 suis
1324 2573 1459 2627 satis
1496 2573 1777 2629 commode
1814 2575 1999 2629 vivere
2036 2570 2205 2645 potest)

344 2669 444 2707 nec
482 2652 582 2708 ulli
619 2652 716 2707 alii
753 2653 978 2707 servitio
1013 2657 1126 2711 est,
1170 2670 1333 2723 quam
1374 2652 1475 2707 soli
1505 2652 1652 2709 mihi.
1690 2653 1859 2709 Hunc
1885 2672 1995 2709 non
2026 2650 2205 2708 solicito

345 2731 413 2786 ad
451 2732 694 2796 labores,
740 2750 885 2797 cum,
927 2732 1041 2786 sive
1079 2731 1253 2785 adsim
1282 2732 1397 2785 sive
1426 2732 1637 2797 minus,
1679 2732 1936 2789 internus
1958 2734 2205 2791 incitator,

343 2812 558 2882 propria
612 2812 900 2867 inclinatio
955 2810 1149 2875 efficit,
1209 2815 1272 2865 ut
1326 2828 1496 2883 aeque
1534 2828 1620 2866 res
1658 2817 1912 2882 peragat,
1972 2831 2034 2869 ac
2068 2824 2203 2883 quum

344 2888 538 2953 adsim;
581 2908 646 2944 ex
687 2909 794 2961 quo
833 2890 948 2945 solo
973 2890 1377 2961 colligendum,
1418 2890 1607 2962 quales
1632 2891 1981 2948 conditiones
2004 2890 2204 2947 debeant

343 2968 538 3022 habere
576 2970 924 3035 Academici,
964 2974 1028 3024 ut
1065 2970 1325 3040 pensione
1363 2970 1517 3041 digni
1556 2970 1682 3027 sint.
1717 2972 1847 3027 Jam
1887 2978 2063 3027 autem
2089 2971 2140 3024 in
2156 2983 2204 3021 eo

343 3052 458 3112 est,
497 3053 561 3101 ut
596 3051 746 3104 varia
782 3050 925 3105 vitra
962 3052 1144 3122 optica
1183 3050 1317 3104 mibi
1354 3050 1621 3119 perficiat:
1661 3050 1762 3104 sed
1790 3052 1923 3121 quia
1946 3048 2203 3106 admodum
