2432 3554
1291 191 1368 249 78

386 361 474 410 tos
530 352 863 414 habeamus,
920 370 1015 425 per
1072 369 1256 407 veram
1312 351 1546 421 logicam
1585 351 1721 405 alias
1759 349 2096 405 definitionis
2131 347 2285 418 leges

384 433 752 507 proferemus,
793 451 987 505 nempe
1024 433 1326 488 secundum
1363 431 1770 487 distinctionem
1811 448 1974 502 quam
2003 431 2060 484 in
2085 439 2284 485 natura

383 515 633 569 facimus.

457 593 716 648 Vidimus
754 593 871 664 jam
908 593 1210 656 attributa,
1271 592 1358 646 vel
1397 593 1479 646 uti
1517 589 1613 647 alii
1653 611 1716 646 ea
1751 598 1984 654 vocant,
2041 590 2288 646 substan-

386 675 527 737 tiae,
570 690 654 727 res
694 691 842 735 esse,
885 672 1003 734 vel,
1044 678 1109 727 ut
1146 671 1340 726 melius
1368 677 1423 726 et
1449 671 1700 744 proprius
1728 672 2005 734 dicamuS,
2051 690 2142 724 ens
2167 687 2291 724 esse

388 768 485 824 per
539 769 595 805 se
652 752 924 812 existens,
982 756 1147 824 atque
1184 753 1356 823 igitur
1394 769 1490 822 per
1527 770 1583 806 se
1623 769 1679 805 se
1718 768 2046 821 cognoscere
2083 751 2294 805 faciens

388 838 445 888 et
482 831 791 888 ostendens.
864 831 938 886 Et
973 833 1119 904 quod
1156 833 1226 887 ad
1265 838 1444 887 cetera
1481 831 1714 894 attinet,
1758 831 1888 886 haec
1924 831 2168 886 nonnissi
2210 835 2294 883 at-

389 913 721 968 tributorum
766 912 910 965 modi
948 917 1108 975 sunt,
1149 911 1266 967 sine
1304 910 1503 984 quibus
1541 927 1641 965 uec
1679 912 1913 964 existere
1953 929 2052 964 nec
2077 910 2294 980 concipi

392 995 643 1065 possunt.
720 991 907 1050 Quare
962 992 1209 1047 definitio
1266 993 1498 1045 duorum
1557 1008 1814 1060 generum
1866 991 1952 1044 vel
1993 991 2291 1062 specierum

394 1091 512 1128 esse
550 1070 740 1134 debet,
780 1089 1002 1142 nempe:

472 1309 524 1364 1.
598 1307 1011 1364 Attributorum
1049 1325 1188 1380 quae
1227 1309 1371 1364 entis
1409 1314 1538 1364 sunt
1577 1327 1672 1380 per
1710 1327 1767 1364 se
1805 1308 2118 1370 existentis,
2161 1325 2298 1380 quae

398 1386 555 1443 nullo
592 1406 789 1459 genere
825 1388 1002 1443 aliave
1038 1406 1129 1454 re,
1169 1388 1370 1461 quibus
1407 1389 1604 1444 melius
1648 1388 1885 1460 intelligi
1925 1389 2011 1442 vel
2039 1385 2296 1459 explicari

403 1473 669 1540 possunt,
710 1486 847 1538 opus
884 1469 1119 1528 habent:
1162 1487 1287 1522 nam
1326 1469 1489 1540 quia,
1531 1470 1613 1523 uti
1654 1472 1800 1523 entis
1838 1468 2118 1538 cujusdam
2150 1466 2300 1520 attri-

405 1549 573 1611 buta,
615 1565 711 1618 per
747 1566 804 1602 se
842 1550 1119 1613 existunt,
1160 1550 1326 1602 etiam
1361 1565 1460 1620 per
1498 1567 1554 1603 se
1591 1555 1724 1604 nota
1760 1551 1916 1604 fiunt.

478 1707 528 1762 2.
602 1707 805 1762 Eorum
843 1725 983 1779 quae
1025 1724 1132 1762 non
1170 1726 1266 1780 per
1304 1727 1360 1762 se
1399 1709 1494 1762 sed
1533 1726 1628 1781 per
1665 1708 1936 1763 attributa
1974 1713 2190 1763 tantum
2217 1724 2299 1760 ex·

402 1787 613 1851 istunt,
654 1805 884 1859 quorum
924 1789 1069 1843 modi
1096 1795 1228 1844 sunt
1252 1795 1308 1844 et
1331 1807 1426 1861 per
1449 1807 1588 1865 quae
1605 1829 1624 1854 ,
1663 1789 1862 1861 quippe
1887 1806 2073 1843 eorum
2100 1805 2294 1859 genus,

410 1866 817 1937 intelliguntur.

486 2023 565 2078 Et
610 2023 711 2079 hoc
746 2026 891 2097 quod
930 2026 1000 2079 ad
1038 2043 1225 2080 eorum
1265 2026 1592 2081 sententiam
1631 2024 1699 2079 de
1735 2026 2052 2081 definitione
2088 2026 2296 2080 attinet.

485 2181 652 2240 Quod
692 2182 759 2237 ad
800 2182 1032 2239 alterum
1071 2201 1230 2245 vere,
1272 2184 1448 2239 Deum
1489 2201 1521 2236 a
1559 2182 1715 2237 nobis
1751 2182 2006 2253 cognosci
2049 2200 2205 2255 posse
2226 2196 2300 2235 co·

411 2260 661 2333 gnitione
714 2263 1047 2334 adaequata,
1102 2264 1170 2317 ad
1210 2262 1313 2318 hoc
1351 2264 1485 2317 satis
1525 2280 1841 2334 responsum
1879 2270 1961 2317 est
1999 2280 2032 2316 a
2069 2259 2302 2315 Cartesio

414 2341 473 2395 in
512 2342 861 2411 responsione
898 2361 998 2397 sua
1034 2348 1103 2398 ad
1140 2342 1504 2413 objectionem
1541 2342 1642 2398 hac
1680 2344 1747 2397 de
1783 2359 1857 2399 re.

413 2527 417 2531 ·
491 2496 567 2550 Et
604 2499 748 2569 quod
788 2500 856 2553 ad
884 2500 1108 2555 tertium
1130 2542 1143 2564 ,
1184 2500 1366 2554 Deum
1391 2518 1424 2554 a
1455 2500 1610 2555 nobis
1637 2499 1998 2554 demonstrari
2030 2515 2137 2552 non
2167 2510 2306 2569 posse

422 2594 457 2629 a
495 2578 700 2645 priori.
762 2581 831 2633 ad
871 2580 973 2636 hoc
1002 2580 1117 2651 jam
1156 2585 1318 2635 antea
1356 2598 1388 2633 a
1425 2580 1583 2635 nobis
1621 2596 1964 2650 responsum:
2012 2579 2142 2649 quia
2180 2575 2304 2631 enim

424 2656 579 2710 Deus
616 2658 703 2711 sui
742 2676 907 2713 causa
945 2665 1061 2721 est,
1104 2659 1241 2713 satis
1279 2666 1364 2713 est
1402 2678 1502 2713 nos
1539 2678 1661 2714 eum
1701 2677 1796 2731 per
1822 2658 2082 2729 seipsum
2109 2658 2307 2711 demon·

426 2740 629 2798 strare;
687 2738 831 2807 quod
888 2745 1271 2810 argumentum
1327 2740 1489 2794 etiam
1549 2739 1722 2795 multo
1761 2740 2008 2795 strictius
2043 2744 2128 2791 est
2165 2748 2304 2809 quam

428 2832 546 2886 arg.
588 2834 623 2869 a
648 2814 959 2886 po‘steriori‚
1008 2819 1154 2890 quod
1193 2820 1309 2874 fleri
1350 2838 1457 2874 non
1497 2819 1638 2875 solet
1673 2820 1781 2875 nisi
1819 2821 2000 2875 causis
2035 2818 2278 2872 externis,
