2432 3554
1302 185 1426 245 338

414 344 593 401 nitum
648 343 928 399 stellarum
979 363 1266 401 nnmerum
1324 347 1545 404 statuis.
1620 347 1787 409 Quod
1830 365 1954 420 pag.
1991 351 2065 402 44
2100 355 2266 404 motum

415 441 644 496 corpus»,
683 424 785 480 etsi
824 423 961 478 nihil
997 423 1214 490 obstet,
1255 445 1365 482 non
1400 431 1486 484 vis
1524 445 1747 500 pergere
1778 428 2017 488 moveri:
2058 429 2150 483 cui
2178 446 2265 484 con-

415 505 642 559 trarium
695 509 877 558 tamen
923 522 1049 576 pag.
1093 506 1164 560 99
1203 507 1534 564 adsumsisse
1572 508 1796 563 videris.
1872 508 2127 580 Denique
2161 507 2266 579 quod

415 585 519 639 tibi
568 585 814 638 extensio
863 584 1066 656 absque
1117 590 1271 640 motu
1308 590 1521 660 concipi
1560 589 1785 660 nequit:
1827 588 1972 642 unde
2008 605 2195 642 vereor
2220 605 2264 640 ne

415 665 739 720 alterutrum
779 669 1024 719 nostrum
1051 667 1338 737 conceptio
1362 669 1546 734 fallat,
1590 669 1735 740 quod
1762 672 1943 723 tamen
1971 667 2267 738 impossibile

413 746 712 801 existimas,
783 744 953 799 Plura
999 762 1108 799 non
1146 762 1432 813 recenseo,
1492 761 1548 802 et
1585 751 1631 803 si
1671 766 1779 802 non
1817 763 1994 819 pauca
2030 752 2267 818 praeterea

413 830 533 881 toto
569 827 709 882 libro
747 832 844 881 tuo
881 828 948 882 ad
990 829 1286 900 marginem
1325 833 1588 884 annotata
1628 828 1827 892 habeo,
1870 827 1937 881 de
1974 827 2169 898 quibus
2192 827 2267 880 uti-

413 923 538 962 nam
589 906 885 979 aliquando
933 923 1115 962 coram
1168 913 1351 964 tecum
1398 909 1597 981 agendi
1648 907 1884 963 facultas
1923 907 2100 964 detur.
2182 907 2266 962 Scis

413 986 558 1041 enim
614 1003 774 1058 quam
819 985 1038 1042 difficile
1074 1003 1138 1042 ac
1175 987 1399 1059 longum
1438 991 1513 1043 sit
1546 1005 1645 1060 per
1681 987 1941 1058 epistolas
1980 987 2263 1058 disceptare,

2362 967 2364 1056 l

413 1067 730 1138 praesertim
787 1071 946 1121 tanto
981 1067 1265 1138 regionum
1302 1067 1597 1123 intervallo
1640 1068 1880 1124 remotis.
1951 1067 2081 1122 Non
2118 1067 2265 1120 dubito
2363 1109 2364 1132 1

412 1148 628 1209 autem,
681 1147 814 1218 quin
861 1150 918 1201 et
967 1146 1062 1218 alij
1109 1166 1257 1204 nunc
1312 1153 1525 1219 praeter
1559 1166 1643 1202 me
1681 1149 1964 1218 negotium
2000 1148 2102 1202 tibi
2136 1148 2263 1201 faces·
2362 1141 2364 1174 ³

412 1231 566 1288 sant,
629 1226 1018 1298 interrogando
1072 1244 1136 1282 ac
1191 1227 1527 1298 disputando
1574 1245 1738 1299 super
1787 1228 1852 1298 ijs
1898 1245 2041 1298 quae
2090 1227 2142 1281 in
2182 1225 2261 1278 tuis

414 1303 564 1360 hisce
619 1306 936 1377 scrupulum
974 1307 1109 1376 ipsis
1152 1313 1468 1371 moverunt:
1525 1325 1703 1380 neque
1740 1311 1927 1362 tamen
1966 1308 2023 1361 id
2060 1305 2153 1362 tibi
2182 1305 2263 1358 dis-

411 1383 614 1455 plicere
651 1385 917 1449 arbitror,
983 1386 1279 1440 dummodo
1314 1387 1491 1442 amico
1527 1389 1626 1442 fiat
1662 1387 1877 1451 animo,
1934 1387 2081 1458 quod
2116 1387 2171 1440 de
2195 1401 2259 1436 me

411 1463 630 1535 quidem
669 1469 818 1518 certo
855 1465 1120 1518 affirmare
1158 1481 1408 1535 possum,
1450 1484 1552 1522 nec
1588 1483 1899 1539 quenquam
1938 1485 2055 1521 esse
2084 1462 2253 1538 quitibi

412 1544 714 1614 studijsque
751 1544 864 1613 tuis
901 1546 1073 1616 magis
1109 1546 1315 1600 faveat.
1373 1545 1448 1600 Et
1485 1549 1679 1602 merito
1702 1589 1715 1611 ‚
1756 1563 1925 1620 quum
1962 1565 2072 1600 non
2106 1545 2253 1599 verita-

405 1627 514 1677 tem
573 1623 749 1678 solum
805 1642 1002 1696 easque
1057 1625 1259 1696 quibus
1314 1643 1526 1698 semper
1568 1627 1789 1682 deditus
1828 1626 1910 1681 fui
1950 1625 2251 1698 disciplinas,

407 1702 504 1756 sed
555 1708 612 1757 et
659 1721 743 1758 me
779 1704 957 1774 ipsum
997 1705 1228 1779 diligas;
1286 1707 1368 1760 uti
1408 1707 1659 1780 pluribus
1696 1706 1915 1776 indicijs
1953 1707 2011 1760 in
2050 1707 2142 1760 hoe
2170 1704 2259 1772 ipso

409 1801 571 1855 opere
609 1792 705 1839 tuo
743 1786 1066 1852 declarasti,
1123 1806 1265 1859 quae
1302 1788 1554 1860 equidem
1592 1792 1786 1859 gratus
1812 1804 2067 1858 agnosco.
2124 1782 2254 1841 Vale,

407 1864 494 1917 vir
531 1863 919 1930 Nobilissime,
958 1871 1014 1920 et
1051 1883 1176 1920 eum
1215 1868 1436 1922 vacabit
1470 1867 1685 1940 aliquid
1722 1867 1972 1939 responsi
2012 1869 2168 1921 mitte.

445 1944 650 1999 Datum
688 1945 880 2017 Hegae
917 1947 1067 2003 Com.
1106 1947 1177 1999 10
1212 1948 1381 2004 Mart.
1418 1944 1581 2004 1687.

527 2151 662 2207 Viro
716 2078 1542 2226 Nobilissli‘ggmgigrissimoque
1578 2152 1653 2207 D.
1694 2154 2012 2211 Christiano
2046 2148 2259 2224 fingenio

582 2232 831 2290 Ehrenfr.
868 2234 1083 2290 Walter
1119 2238 1188 2289 de
1226 2234 1599 2291 Tschirnhaus
1636 2234 1693 2291 S.
1728 2235 1795 2291 P.

475 2345 694 2401 Literas
748 2350 874 2400 tuas
892 2388 905 2411 ,
962 2348 1031 2403 10
1075 2348 1263 2418 Martij
1302 2349 1555 2401 exaratas
1595 2347 1684 2403 hic
1722 2347 1869 2403 eirca
1906 2350 2063 2403 finem
2099 2341 2258 2400 mensis

401 2424 614 2497 Aprilis
663 2426 880 2497 accepi,
931 2444 1130 2498 easque
1170 2444 1368 2499 magna
1405 2428 1673 2484 aviditate
1710 2430 1939 2502 perlegi.
2016 2432 2257 2492 Quantum

398 2521 530 2559 vero
567 2509 802 2559 mentem
842 2523 1013 2561 meam
1049 2506 1461 2571 exhilararunt,
1503 2524 1629 2563 cum
1672 2511 1871 2582 ubique
1898 2510 2121 2567 indicias
2142 2522 2260 2562 men·

397 2584 473 2639 tis
510 2602 634 2639 vere
671 2602 962 2657 generosae
1000 2592 1057 2641 et
1094 2588 1295 2643 sinceri
1334 2588 1495 2643 amici
1535 2588 1869 2646 sufficienter
1915 2592 2157 2663 colligere
2188 2602 2260 2657 po·

399 2664 628 2728 tuerim,
685 2683 794 2720 non
845 2666 979 2721 satis
1017 2668 1321 2739 exprimere
1358 2686 1601 2741 possum.
1678 2669 1841 2763 Opto·
1866 2689 2028 2736 saue,
2080 2674 2135 2724 ut
2166 2662 2260 2737 qui·

401 2760 618 2817 cunque
667 2745 798 2801 mihi
841 2746 1113 2816 judicium
1167 2766 1327 2803 suum
1376 2749 1435 2804 in
1473 2754 1752 2821 posterum
1792 2750 1940 2807 circa
1978 2752 2114 2805 hune
2144 2754 2261 2801 trac·

401 2826 577 2877 tatum
629 2840 808 2879 meum
855 2830 1157 2898 exponent,
1220 2828 1387 2883 simili
1430 2830 1607 2885 amica
1656 2830 1963 2885 intentione
2000 2828 2151 2885 dubia
2182 2838 2262 2877 sua

401 2912 738 2973 proponant:
780 2909 924 2959 certe
961 2906 1166 2963 talibus
1204 2910 1515 2963 accuratam
1536 2951 1549 2972 ‚
1598 2911 1779 2981 quoad
1817 2928 1914 2981 per
1951 2909 2154 2981 negotia
2184 2919 2259 2975 po·

403 2984 546 3044 tero,
601 2985 1006 3055 responsionem
1057 3004 1269 3059 semper
1316 2989 1610 3059 promitto,
1671 2996 1727 3044 et
1778 2989 1910 3046 licet
1953 2990 2135 3046 ibidem
2167 2986 2259 3055 jam

404 3060 690 3131 permultis
739 3066 969 3135 negotijs
1018 3066 1323 3131 distrahar,
1381 3084 1506 3124 cum
1544 3069 1887 3126 funeralibus
1924 3066 2257 3126 serenissimae
