2432 3554
1277 144 1395 203 200

384 303 613 374 spiritus
648 306 864 359 nostros
887 319 982 375 per
1006 305 1234 377 aliquod
1259 310 1472 376 tempus
1497 305 1826 360 moverimus
1843 345 1858 365 ,
1898 302 2258 359 lassitudinem

387 382 726 452 experimur,
766 401 904 455 quae
941 384 1081 440 nihil
1116 385 1272 440 aliud
1307 389 1392 441 est
1427 402 1592 457 quam
1633 386 1789 457 quies
1826 383 1886 439 in
1921 380 2200 455 spiritibus
2227 396 2260 435 a

388 460 549 517 nobis
584 462 793 518 effecta.
1002 478 1033 489 ⁴

454 542 870 612 Respondemus
904 560 1063 607 vero,
1106 548 1344 599 mentem
1379 545 1544 615 hujus
1575 544 1778 617 quietis
1803 557 2022 600 eausam
2047 540 2251 614 quidem

382 639 531 684 esse,
568 639 681 677 non
714 640 845 677 vero
878 623 1191 679 immediate
1212 665 1230 688 ‚
1269 623 1364 679 sed
1401 640 1523 679 eam
1558 623 1684 679 aliis
1711 627 1928 679 tantum
1951 620 2258 693 eoi-poribus

382 700 535 756 illam
560 718 802 765 causare,
830 721 971 775 quae
996 704 1304 759 necessario
1327 709 1544 760 tantum
1568 704 1772 777 quietis
1798 702 2082 773 spiritibus
2109 700 2258 756 motis

389 782 823 847 communicent,
868 787 1136 854 quantum
1172 788 1354 838 motus
1389 782 1460 837 ab
1495 781 1566 837 iis
1603 784 1898 855 accipiant.
1973 782 2062 837 Ita
2097 785 2162 836 ut
2189 780 2256 834 ab

383 860 533 916 omni
585 864 739 933 parte
792 861 939 918 clare
980 866 1195 933 pateat,
1254 863 1315 919 in
1349 867 1550 921 natura
1589 880 1763 921 unum
1797 864 2048 935 idemque
2087 864 2254 917 motus

388 958 505 996 esse
538 958 732 1013 genus.

786 1312 1035 1377 CAPUT
1068 1320 1510 1379 VICESIMUM
1542 1322 1879 1379 PRIMUM.

1138 1494 1213 1534 nn
1250 1492 1520 1535 ΒΔΤΙΟΝΕ.

452 1636 579 1691 Jam
632 1636 805 1707 igitur
850 1636 1149 1693 videndum
1184 1638 1324 1702 erit,
1382 1638 1528 1693 unde
1566 1636 1826 1707 procedat
1847 1678 1866 1701 ,
1919 1638 2063 1709 quod
2099 1637 2250 1693 inter·

385 1715 515 1771 dum
536 1754 557 1782 ,
591 1734 917 1790 quamquam
956 1734 1063 1771 rem
1106 1717 1302 1773 bonam
1342 1717 1608 1772 malamve
1646 1734 1764 1772 esse
1801 1717 2114 1784 videamus,
2149 1734 2246 1771 non

386 1801 572 1852 tamen
606 1797 909 1868 potentiam
944 1798 1003 1853 in
1041 1797 1199 1854 nobis
1235 1799 1614 1864 inveniamuS‚
1653 1798 1770 1854 sive
1809 1797 2008 1854 bonum
2037 1796 2251 1859 faciendi

384 1878 501 1932 sive
556 1877 843 1932 omittendi
899 1877 1134 1942 malum,
1199 1878 1478 1934 interdum
1526 1895 1656 1932 vero
1719 1877 2243 1944 inveniamusissam.

378 1956 545 2017 Quod
564 1956 725 2012 facile
742 1956 1049 2028 intelligere
1070 1975 1380 2028 possumne,
1403 1957 1910 2014 animadvertentes
1927 1975 2112 2014 causas
2133 1971 2252 2028 quas

378 2036 446 2090 de
482 2036 737 2108 opinione
774 2036 1055 2100 dedimus,
1094 2038 1342 2093 dieentes
1377 2037 1532 2092 illam
1557 2038 1808 2092 omnium
1830 2037 2249 2101 affectuum-nos-

378 2118 587 2170 trorum
611 2134 831 2172 eausam
859 2119 919 2185 ¹).
960 2117 1292 2172 Dicebamus
1331 2117 1550 2188 quidem
1589 2134 1682 2171 eos
1725 2135 1842 2172 esse
1881 2118 2060 2172 velex
2082 2116 2250 2172 auditu

377 2194 469 2248 vel
504 2213 599 2266 per
644 2197 1051 2267 experientiam.
1129 2198 1282 2257 Quia
1317 2197 1459 2251 illud
1494 2195 1640 2268 quod
1681 2197 1742 2253 in
1778 2196 1937 2253 nobis
1970 2198 2250 2269 >experimur

382 2275 641 2346 majorem
696 2278 995 2346 potentiam
1052 2279 1111 2334 in
1148 2295 1248 2332 nos
1287 2277 1488 2340 habet,
1546 2295 1712 2349 quam
1750 2279 1898 2350 quod
1935 2281 2254 2336 extrinsecus

380 2351 539 2410 nobis
574 2356 809 2420 accidit;
846 2357 1095 2429 sequitur
1131 2357 1400 2414 rationem
1437 2375 1662 2414 eausam
1703 2358 1928 2430 quidem
1963 2377 2078 2414 esse
2107 2372 2246 2430 posse

444 2635 491 2691 1)
554 2634 681 2682 Idem
713 2634 799 2682 erit
831 2635 924 2683 sive
954 2636 1170 2684 vocabulo
1202 2638 1434 2698 opinionis
1461 2638 1554 2686 sive
1587 2639 1811 2698 passionis
1841 2645 2050 2696 attinnt-3
2096 2644 2256 2694 utroque

380 2703 503 2750 enim
534 2707 701 2754 clarum
748 2713 845 2765 est,
892 2723 973 2754 eur
1004 2723 1089 2755 nos
1120 2725 1195 2755 eas
1229 2723 1341 2768 quae
1371 2709 1655 2768 experientes
1691 2708 1738 2756 in
1771 2709 1902 2756 nobis
1936 2713 2063 2767 sunt,
2107 2705 2258 2754 rationo

380 2773 562 2822 vincere
606 2792 904 2836 nequeamus3
949 2779 1064 2825 nihil
1094 2779 1213 2826 enim
1245 2778 1368 2826 aliud
1402 2779 1453 2826 in
1484 2780 1614 2826 nobis
1659 2785 1764 2828 sunt
1796 2779 1886 2828 nisi
1919 2780 2069 2828 fruitio
2097 2783 2139 2824 et
2166 2773 2254 2822 unio

381 2843 622 2895 inmediate.
668 2863 768 2896 eum
800 2864 848 2895 re
894 2849 1081 2912 quadam
1126 2865 1260 2910 quam
1307 2851 1470 2898 bonam
1516 2851 1802 2912 judicamu83
1845 2852 1963 2900 ratio
2012 2853 2148 2900 autem
2187 2841 2255 2892 εἰεί
