2432 3554
1291 179 1367 236 28

381 339 540 394 nulla
597 337 906 393 substantia
946 347 1130 410 (quam
1169 338 1525 394 nihilominus
1563 337 1765 393 scimus
1802 338 1859 392 in
1898 342 2093 392 natura
2132 341 2279 408 esse)

383 419 608 474 seorsim
667 425 962 490 concepta,
1021 419 1207 491 aliqua
1256 420 1331 475 sit
1367 417 1661 472 necessitas
1698 421 1763 471 ut
1798 417 2097 472 formaliter
2136 419 2282 473 exis·

388 503 501 559 tat,
563 503 849 569 propterea
905 499 1048 570 quod
1106 498 1262 554 nulla
1300 497 1593 552 existentia
1629 496 1698 551 ad
1738 496 1855 566 ejus
1892 496 2288 568 particularem

383 578 678 633 essentiam
718 577 1022 650 pertineam
1064 579 1190 634 hinc
1229 578 1535 635 necessario
1572 577 1725 648 sequi
1764 577 1956 640 debet,
1998 577 2143 648 quod
2182 595 2283 631 na·

383 664 508 714 tura
544 676 684 730 quae
721 658 890 713 nullis
927 658 994 712 de
1031 659 1212 714 causis
1249 660 1351 726 fit,
1390 666 1446 714 et
1483 678 1643 732 quam
1684 664 1865 714 tamen
1891 677 2009 716 esse
2033 660 2281 725 seimus,

375 757 479 796 ens
516 741 816 811 perfectum
856 738 1017 794 debet
1052 757 1170 794 esse
1207 739 1276 794 ad
1316 741 1459 812 quod
1498 741 1795 796 existentia
1828 741 2087 811 pertinet.

457 973 541 1028 Ex
579 973 859 1033 omnibus.
920 993 1058 1046 quae
1097 975 1202 1031 hue
1242 994 1415 1048 usque
1449 978 1720 1042 diximus,
1770 979 1922 1048 patet
1956 994 2057 1031 nos
2093 981 2293 1030 exten·

382 1054 594 1108 sionem
632 1053 830 1109 habere
868 1055 972 1110 Dei
1009 1056 1371 1120 attributum:
1431 1057 1576 1130 quod
1613 1074 1743 1112 vero
1779 1057 1839 1112 in
1877 1061 2001 1112 ente
2043 1057 2293 1126 perfecto

391 1132 546 1187 nullo
586 1133 744 1187 modo
780 1135 896 1190 fieri
924 1152 1078 1206 posse
1106 1137 1343 1192 videtur.
1393 1138 1531 1192 Cum
1554 1137 1696 1194 enim
1718 1137 1967 1192 extensio
1985 1136 2292 1192 divisibilis

383 1213 490 1275 sit,
550 1229 648 1266 ens
701 1212 844 1268 illud
887 1217 1186 1287 perfectum
1225 1235 1294 1272 ex
1330 1216 1577 1289 partibus
1614 1218 1969 1280 consisteret,
2026 1217 2177 1288 quod
2216 1218 2291 1270 ad

383 1291 561 1347 Deum
600 1294 800 1364 quippe
838 1313 935 1350 ens
965 1295 1195 1367 simplex
1223 1297 1409 1351 referri
1438 1298 1644 1369 nequit.
1682 1299 1971 1354 Praeterea
1995 1297 2252 1352 extensio
2272 1335 2292 1362 ‚

378 1375 604 1444 quando
641 1373 939 1438 dividitur,
983 1376 1198 1446 patiens
1223 1381 1337 1440 est,
1379 1377 1523 1448 quod
1551 1377 1717 1431 etiam
1742 1379 1800 1433 in
1826 1379 2039 1442 Deum,
2078 1377 2291 1448 quippe

363 1449 496 1508 ‘non
553 1455 896 1524 passivum‚·
923 1471 1022 1510 nee
1065 1455 1159 1526 qui
1205 1457 1274 1510 ab
1312 1455 1423 1510 alio
1459 1457 1575 1527 pati
1612 1458 1813 1527 possit,
1872 1474 1995 1513 cum
2034 1455 2289 1512 omnium

385 1533 562 1604 prima
597 1551 763 1588 causa
799 1532 1036 1589 efficiens
1073 1535 1177 1599 sit,
1220 1534 1412 1590 cadere
1450 1536 1659 1608 nequit.

457 1852 548 1906 Ad
585 1852 730 1923 quod
768 1852 1185 1923 respondemus:
1238 1855 1293 1909 1.
1334 1858 1543 1925 partem
1580 1858 1636 1908 et
1673 1858 1851 1909 totum
1888 1870 1998 1907 non
2034 1869 2155 1907 esse
2192 1870 2293 1907 en·

386 1931 468 1985 tia
519 1949 649 1987 vera
705 1932 790 1985 vel
850 1933 1122 1999 actualia,
1181 1934 1275 1989 sed
1332 1938 1548 1987 tantum
1584 1934 1735 1988 entia
1772 1932 2034 1995 rationis:
2094 1942 2291 2003 quam·

385 2009 570 2065 obrem
607 2011 665 2066 in
703 2018 900 2067 natura
927 2014 969 2082 ¹)
1005 2030 1108 2069 nee
1146 2018 1324 2069 totum
1361 2031 1462 2069 nee
1500 2022 1681 2086 partes
1721 2018 1866 2069 sunt.

379 2202 610 2263 sequitur3
641 2204 763 2250 nulla
797 2202 936 2263 igitur
953 2204 1207 2252 substantia
1227 2206 1423 2253 existens
1439 2222 1517 2266 per
1534 2222 1581 2253 se
1597 2205 1773 2267 concipi
1790 2210 1939 2266 potest
1952 2240 1966 2261 ,
2000 2204 2077 2249 sed
2092 2203 2151 2250 ad
2168 2202 2298 2252 aliud

381 2274 488 2333 quid
532 2274 756 2333 pertinere
805 2274 966 2332 debet3
1011 2273 1045 2322 i.
1092 2290 1131 2323 e.
1181 2275 1411 2323 intellectu
1444 2284 1601 2323 nostro
1634 2276 1933 2337 concipientes
1966 2274 2298 2334 cogitationem

379 2350 427 2393 et
459 2344 761 2392 extensionem
794 2346 965 2402 sabat„
999 2362 1094 2393 eam
1131 2362 1223 2393 non
1254 2346 1527 2407 concipimus
1560 2346 1649 2394 nisi
1680 2346 1730 2393 in
1761 2346 1954 2395 essentia
1986 2348 2082 2405 ejus
2114 2359 2213 2393 non
2248 2345 2299 2391 in

378 2418 620 2465 existentia
631 2436 646 2475 3
678 2417 710 2464 i.
741 2432 779 2464 e.
815 2417 933 2476 quod
963 2418 1204 2465 existentia
1234 2420 1331 2477 ejus
1362 2419 1611 2466 necessaria
1642 2417 1699 2465 ad
1730 2422 1827 2479 ejus
1856 2425 2059 2466 naturam
2076 2417 2299 2477 pertinet.

385 2488 472 2536 Sed
504 2488 610 2548 quia
641 2488 996 2535 demonstramus
1027 2504 1124 2536 eam
1159 2488 1423 2538 attributum
1456 2490 1546 2537 Dei
1576 2505 1705 2548 esse,
1738 2490 1842 2537 inde
1873 2490 2237 2537 demonstramus
2271 2504 2300 2535 a

384 2560 524 2620 priori
555 2576 652 2606 eam
683 2574 811 2617 esse3
841 2565 887 2606 et
918 2575 946 2606 a
976 2560 1244 2620 posteriori,
1275 2562 1393 2620 quod
1424 2562 1481 2611 ad
1512 2561 1815 2609 extensionem
1832 2562 1973 2628 solam
1992 2596 2005 2617 ‚
2038 2575 2095 2607 ex
2110 2558 2265 2607 modis
2284 2596 2299 2618 ‚

379 2630 550 2691 quippe
579 2630 656 2693 qui
687 2630 935 2677 necessario
967 2631 1054 2677 hoe
1083 2636 1307 2691 tamquam
1338 2635 1585 2693 subjectum
1620 2631 1781 2680 habere
1812 2631 2014 2680 debeant.

449 2844 498 2899 1)
543 2842 602 2887 In
635 2841 810 2889 Natura
841 2842 872 2890 i.
902 2858 942 2890 e.
981 2843 1029 2889 in
1061 2843 1323 2891 extensione
1352 2842 1661 2902 substantiali,
1695 2858 1799 2889 nam
1830 2843 1909 2890 illa
1924 2842 2093 2899 divisa,
2126 2848 2300 2889 natura

380 2914 567 2973 eiusque
599 2913 791 2959 essentia
821 2913 1004 2961 omuino
1035 2914 1304 2972 destruitur,
1337 2914 1501 2975 qnippe
1522 2930 1635 2974 qnae
1650 2916 1795 2961 solum
1812 2912 2020 2961 consistit
2038 2912 2087 2960 in
2102 2927 2159 2959 eo
2176 2909 2303 2971 quod

382 2982 446 3030 sit
479 2984 679 3031 extensio
709 2984 888 3031 infinita
917 2984 988 3031 vel
1003 3021 1017 3041 ,
1049 2984 1167 3044 quod
1197 2985 1315 3031 idem
1345 2990 1414 3032 est
1429 3022 1444 3043 ,
1475 2991 1622 3032 totum
1653 2984 1895 3032 infinitum.
