2432 3554
1199 182 1274 237 14

286 343 395 397 lius
451 341 650 398 mutari
707 359 864 412 posse
909 345 979 407 ¹),
1051 357 1173 396 cum
1226 339 1299 396 sit
1336 341 1669 412 perfectum,
1734 337 1879 410 quod
1917 341 2037 394 tum
2072 355 2187 392 non

284 428 463 484 esset:
523 421 608 476 vel
648 422 811 476 etiam
851 422 995 494 quod
1035 439 1144 477 non
1181 422 1357 492 possit
1394 421 1703 492 subjectum
1740 437 1858 476 esse
1894 420 1963 475 ab
1998 419 2189 492 aliqua

287 521 346 558 re
382 507 640 566 externa,
679 519 803 558 cum
841 501 1186 572 omnipotens
1225 501 1313 557 sit.

365 583 450 637 Ex
512 581 767 637 omnibus
827 582 941 637 illis
1003 582 1148 637 clare
1211 581 1493 653 sequitur,
1556 580 1700 652 quod
1757 583 1867 634 tam
1906 597 1943 634 a
1966 581 2182 650 priori,

286 679 453 734 quam
492 681 526 716 a
552 663 837 732 posteriori
880 661 1243 716 demonstrari
1278 661 1454 732 possit
1491 660 1668 716 Deum
1706 677 1842 714 esse.
1920 660 2042 716 Imo
2078 678 2193 714 me·

290 743 402 798 lius
439 744 602 798 etiam
643 761 678 796 a
705 743 880 812 priori
928 759 1087 813 quam
1127 759 1162 796 a
1186 741 1471 810 posteriori
1482 764 1505 806 ,-
1563 757 1651 795 res
1688 741 1864 803 enim,
1930 757 2069 811 quae
2106 740 2190 794 ita

291 822 771 886 demonstrantur,
829 837 926 892 per
984 823 1237 875 externas
1293 837 1419 874 suas
1464 837 1657 876 causas
1694 820 2056 876 demonstrari
2094 819 2188 874 dc-

288 900 454 967 bent,
516 901 660 974 quod
719 903 776 955 in
825 902 896 956 iis
934 902 1274 972 imperfectio
1311 905 1501 974 aperta
1538 903 1651 962 est,
1712 901 1915 970 quippe
1952 915 2092 970 quae
2128 916 2189 952 se

289 982 441 1054 ipsae
493 999 601 1036 non
651 981 957 1051 patefacere
1014 981 1229 1051 possint
1266 979 1549 1052 solumque
1588 997 1655 1034 ex
1692 979 1876 1034 causis
1912 978 2193 1034 extraneis

291 1063 573 1134 patefiant.
645 1061 748 1117 Sed
787 1059 972 1125 Deus,
1013 1078 1178 1116 causa
1213 1061 1389 1132 prima
1427 1061 1666 1114 omnium
1708 1077 1888 1113 rerum
1926 1065 1985 1114 et
2020 1059 2187 1113 otiam

286 1159 458 1197 causa
496 1143 607 1204 sui.
651 1157 708 1194 se
744 1158 840 1212 per
878 1157 934 1194 se
970 1141 1087 1212 ipse
1125 1143 1405 1211 patefacit.
1482 1142 1668 1202 Quare
1708 1159 1819 1196 non
1846 1140 2079 1196 multum
2107 1158 2191 1195 re-

289 1223 398 1277 fert
456 1221 694 1276 Thomae
744 1219 814 1274 ab
860 1219 1086 1291 Aquino
1147 1221 1393 1282 dictum.
1454 1222 1635 1277 Deum
1674 1238 1785 1275 non
1823 1238 1857 1275 a
1892 1220 2061 1292 priori
2097 1220 2191 1274 de-

293 1300 585 1355 monstrari
622 1317 813 1371 posse,
853 1301 1055 1371 quippe
1093 1300 1188 1372 qui
1226 1318 1337 1357 non
1376 1301 1575 1356 habeat
1612 1318 1847 1358 causam.

352 1479 402 1536 1)
435 1476 583 1524 Causa
615 1475 740 1523 illius
772 1475 1035 1524 mutationis
1067 1491 1165 1524 esse
1196 1476 1375 1524 deberet
1405 1477 1473 1524 vel
1508 1482 1635 1525 extra
1666 1491 1763 1524 eam
1794 1477 1865 1524 vol
1890 1477 1939 1523 in
1970 1491 2037 1524 ea.
2085 1475 2197 1522 Nou

289 1561 396 1594 vero
443 1553 570 1594 extra
618 1562 714 1594 cam
753 1553 849 1605 est,
897 1563 998 1594 nam
1031 1547 1156 1596 nulla
1185 1547 1463 1606 substantia,
1514 1563 1651 1608 quac,
1699 1549 1769 1596 uti
1801 1548 1906 1606 illa,
1954 1564 1981 1594 a
2014 1563 2063 1595 se
2094 1547 2198 1608 ipsa

283 1627 356 1666 cst
370 1655 384 1678 ,
415 1616 471 1666 ab
503 1618 652 1677 aliqua
685 1633 734 1666 re
765 1623 892 1665 extra
921 1633 1020 1665 eam
1052 1618 1241 1680 pendet,
1274 1635 1358 1667 nec
1388 1619 1530 1679 igitur
1559 1619 1801 1666 mutationi
1826 1620 1883 1666 ab
1914 1635 1967 1666 ea
1994 1617 2197 1678 subjecta

288 1697 377 1738 est.
439 1689 537 1735 Nec
567 1689 702 1736 etiam
735 1689 782 1736 in
815 1706 868 1736 ea
897 1694 997 1747 est,
1030 1705 1132 1737 nam
1165 1690 1291 1737 nulla
1321 1705 1417 1748 res,
1448 1705 1589 1748 eoque
1616 1691 1763 1737 minus
1782 1690 1915 1748 haec,
1956 1704 2079 1736 suam
2095 1689 2199 1736 vult

286 1763 671 1823 destructionem3
717 1763 864 1811 omnis
905 1763 1152 1811 destructio
1199 1761 1475 1811 extrinsecus
1508 1762 1575 1809 fit.
1640 1761 1783 1809 Porro
1819 1761 1938 1821 quod
1972 1776 2064 1807 non
2096 1775 2197 1809 esse

289 1835 434 1896 possit
463 1834 714 1883 substantia
745 1834 874 1881 finita
907 1834 1010 1881 inde
1043 1839 1192 1896 patet,
1225 1834 1344 1893 quod
1374 1837 1471 1881 tum
1502 1833 1755 1880 necessario
1787 1832 1955 1892 aliquid
1988 1830 2195 1889 haberet,

286 1905 408 1965 quod
455 1922 482 1952 a
531 1907 675 1953 nihilo
709 1907 921 1963 haberet3
969 1906 1087 1964 quod
1120 1905 1215 1951 ficri
1249 1906 1433 1964 nequit3
1486 1904 1599 1952 unde
1630 1906 1749 1952 enim
1785 1904 1896 1951 inud
1931 1904 2111 1951 haberet
2142 1902 2195 1949 in

289 1991 380 2035 quo
427 1991 454 2022 a
501 1977 600 2022 Deo
649 1976 830 2024 differt?
895 1976 1062 2023 Saltem
1111 1991 1204 2022 non
1250 1992 1278 2022 a
1322 1976 1454 2033 Doo;
1503 1991 1604 2023 nam
1638 1976 1712 2022 hic
1744 1974 1809 2021 nil
1843 1972 2093 2035 imperfecti
2126 1972 2199 2020 vel

289 2046 408 2093 finiti
445 2046 605 2094 habet:
635 2064 739 2111 erqo
770 2048 887 2095 unde
917 2048 1006 2095 nisi
1037 2062 1065 2093 a
1097 2046 1277 2094 nihilo?
