2432 3554
1263 191 1361 248 '64

445 355 492 409 1.
531 351 709 406 Deum
746 351 997 406 omittere
1035 369 1145 406 non
1183 367 1341 421 posse
1378 365 1537 420 agere
1576 349 1719 420 quod
1749 349 1895 421 agit,
1939 367 2131 420 nempe
2160 368 2283 406 om-

373 433 467 488 nia
504 437 612 486 tam
651 431 892 502 perfecta
929 448 1140 486 creasse
1181 435 1243 484 ut
1280 430 1604 500 perfectiora
1640 449 1757 485 esse
1796 437 2089 502 nequeant.
2164 435 2243 489 Et

443 593 492 646 2.
551 589 778 644 Nullam
816 607 926 643 rem
966 589 1084 644 sine
1121 607 1186 644 eo
1225 607 1325 645 nee
1362 589 1595 645 existere
1634 607 1733 644 nee
1774 589 1991 661 concipi
2026 609 2213 662 posse.¹

437 747 563 801 Jam
601 747 969 818 quaerendum
1023 749 1137 812 est,
1177 763 1310 801 num
1347 747 1405 801 in
1444 749 1642 801 natura
1679 745 1945 819 quaedam
1985 749 2283 820 possibilia

370 827 482 881 sint
535 827 571 880 i.
628 845 674 882 e.
711 825 846 880 talia
881 843 1020 897 quae
1059 831 1114 880 et
1149 827 1268 882 fieri
1306 829 1362 879 et
1398 826 1561 880 etiam
1602 843 1712 880 non
1752 827 1869 882 fleri
1908 828 2150 898 possint,
2216 836 2280 884 et

371 923 532 978 porro
555 949 568 970 ,
609 923 737 959 num
779 905 964 976 aliqua
1002 923 1087 960 res
1127 907 1200 960 sit
1238 906 1305 959 de
1343 922 1451 977 qua
1488 923 1679 977 rogare
1716 905 1988 976 possimus
2025 926 2097 961 an
2136 909 2251 966 sit?

434 1065 635 1122 Nullas
674 1081 758 1118 res
795 1063 1083 1134 possibiles
1121 1081 1267 1128 esse,
1310 1064 1413 1118 hae
1450 1065 1661 1119 ratione
1688 1064 2157 1122 demonstramus:

432 1143 664 1215 Aliquid
701 1142 846 1215 quod
883 1159 1101 1198 causam
1141 1143 1355 1198 essendi
1395 1161 1505 1198 non
1544 1143 1739 1206 habet,
1784 1144 2123 1214 impossibile
2154 1151 2267 1202 est.

369 1224 600 1296 Aliquid
637 1223 781 1295 quod
821 1223 1079 1294 possibile
1116 1228 1200 1278 est
1236 1241 1455 1279 eausam
1494 1239 1606 1278 non
1644 1222 1826 1277 habet.
1870 1223 2017 1294 Ergo
2046 1255 2114 1264 —

430 1461 674 1517 Primum
725 1465 880 1516 extra
916 1478 1074 1515 omne
1112 1459 1340 1514 dubium
1378 1464 1481 1514 est.
1571 1459 1883 1516 Secundum
1922 1459 2001 1514 sie
2037 1460 2272 1516 demon·

365 1547 634 1598 stt-amus:
689 1541 747 1596 Si
785 1540 1028 1613 aliquid,
1069 1541 1214 1612 quod
1252 1537 1513 1611 possibile
1550 1543 1661 1604 est,
1702 1556 1918 1594 oausam
1960 1539 2123 1594 habet
2148 1558 2271 1596 oer-

365 1627 476 1677 tam
517 1626 573 1676 et
609 1621 1029 1676 determinatam
1067 1625 1130 1674 ut
1167 1622 1272 1684 sit,
1328 1620 1635 1673 necessario
1674 1620 1746 1673 sit
1790 1623 2019 1690 oportet.
2092 1621 2271 1680 Quod

360 1706 546 1756 autem
582 1700 791 1772 aliquid
828 1705 881 1755 et
916 1699 1174 1772 possibile
1211 1703 1263 1754 et
1300 1699 1664 1754 necessarium
1693 1704 1865 1764 esset,
1908 1717 2095 1755 secum
2122 1719 2267 1773 pug-

363 1786 476 1839 nat.
548 1782 694 1852 Ergo
724 1811 798 1823 —

430 2016 686 2071 Fortasse
737 2014 937 2088 aliquis
989 2016 1164 2080 dicet,
1226 2015 1499 2088 quoddam
1537 2015 1797 2087 possibile
1836 2017 2265 2073 determinatam

361 2100 418 2151 et
473 2103 675 2151 certam
715 2096 933 2168 quidem
973 2114 1082 2151 non
1121 2097 1319 2151 habere
1356 2112 1614 2159 eausam,
1655 2100 1713 2149 at
1750 2113 1878 2152 vero
1915 2098 2259 2168 possibilem.

359 2176 449 2231 Ad
507 2178 652 2249 quod
707 2176 1036 2247 respondeo:
1095 2176 1196 2231 hoe
1260 2176 1429 2247 igitur
1479 2194 1597 2231 esse
1634 2176 1829 2231 debere
1868 2177 1957 2231 vel
1994 2178 2050 2231 in
2091 2196 2263 2233 sensu

359 2256 566 2320 divise,
629 2256 716 2311 vel
765 2256 824 2311 in
875 2274 1037 2311 sensu
1087 2258 1389 2329 composito
1435 2258 1472 2313 i.
1508 2276 1557 2311 e.
1628 2258 1715 2311 vel
1773 2258 1919 2329 quod
1956 2260 2263 2317 existentia

359 2338 478 2409 ejus
515 2355 742 2400 causae,
805 2354 914 2391 non
949 2341 1212 2409 tanquam
1251 2354 1439 2400 eausa,
1499 2337 1776 2408 possibilis
1815 2340 1917 2401 sit:
1978 2338 2062 2391 vel
2103 2342 2259 2411 quod

356 2418 616 2490 possibile
655 2418 760 2481 sit,
809 2416 954 2489 quod
993 2416 1202 2488 aliquid
1242 2418 1299 2471 in
1337 2421 1535 2471 natura
1559 2419 1924 2473 necessarium
1955 2437 2121 2475 eausa
2147 2424 2261 2477 erit

353 2500 500 2569 quod
557 2495 814 2569 possibile
876 2496 1040 2551 hoece
1094 2496 1443 2568 producatur.
1538 2500 1643 2555 Sed
1698 2504 1991 2573 utrumque
2047 2502 2255 2559 falsum

355 2582 472 2640 est;
531 2596 688 2640 nam,
748 2576 892 2648 quod
944 2576 1013 2631 ad
1052 2579 1298 2647 primum,
1360 2578 1406 2632 si
1456 2579 1717 2650 possibile
1767 2579 1907 2634 illud
1960 2586 2255 2651 propterea

355 2657 616 2727 possibile
654 2660 769 2721 est,
808 2656 952 2727 quod
993 2674 1159 2711 eausa
1195 2656 1314 2729 ejus
1352 2658 1660 2729 possibilis,
1720 2676 1886 2715 eausa
1925 2663 2091 2715 etiam
2129 2681 2255 2733 pos·

357 2736 531 2791 sibilis
559 2754 682 2813 esse*
701 2734 883 2797 debet,
924 2735 1052 2807 quia
1079 2754 1271 2800 eausa,
1313 2755 1451 2809 quae
1477 2757 1593 2793 eam
1620 2740 1903 2803 nausiavit,
1933 2741 2099 2795 etiam
2126 2760 2254 2813 pos-

357 2814 533 2870 sibilis
572 2822 686 2879 est,
729 2820 784 2869 et
821 2815 900 2871 sie
939 2817 996 2870 in
1037 2817 1329 2873 infinitum.
1403 2817 1479 2873 Et
1513 2819 1642 2890 quia
1671 2818 1786 2889 jam
1826 2825 1989 2875 antea
2025 2821 2253 2879 demon-
