2432 3554
1297 191 1409 250 152

401 371 553 408 suam
579 371 642 408 eo
662 354 923 418 ostendit,
951 353 1095 426 quod
1124 373 1242 408 eam
1269 355 1547 410 intuentes
1574 355 1759 410 statim
1789 355 1982 409 malam
2007 353 2263 416 ducamuS,

398 437 685 506 postquam
724 433 927 488 malum
965 452 1080 488 esse
1118 434 1612 489 demonstravimus
1650 453 1706 489 se
1753 435 1912 490 rebus
1957 433 2265 503 adstringere

399 515 456 567 et
492 512 763 584 obligare,
818 531 957 584 quae
993 513 1153 568 facile
1192 514 1350 568 nobis
1389 514 1636 569 excidere
1675 519 1731 569 et
1768 515 1992 570 deficere
2029 515 2262 586 possunt:

398 591 561 664 atque
598 594 727 665 quia
770 591 1035 666 quaedam
1080 593 1342 649 tristitiae
1386 596 1592 666 species
1637 599 1751 660 est,
1791 587 1965 648 vitare
1991 611 2102 648 eam
2130 607 2264 663 opor·

398 677 508 737 tet,
550 674 630 728 uti
669 675 736 728 de
773 672 1002 728 tristitia
1041 675 1341 728 tractantes
1379 675 1711 728 notavimus,
2261 722 2270 751 s

467 991 596 1048 Jam
635 990 818 1062 itaque
857 990 989 1046 satis
1029 1007 1111 1046 me
1151 989 1454 1046 ostendisse
1485 996 1648 1064 atque
1675 990 2072 1046 demonstrasse
2097 1005 2264 1044 censeo

400 1069 571 1123 solam
607 1069 768 1122 fidem
806 1087 987 1126 veram
1026 1067 1113 1125 vel
1152 1071 1418 1124 rationem
1458 1087 1601 1136 esse,
1645 1089 1782 1142 quae
1803 1071 1872 1124 ad
1900 1071 2025 1126 boni
2055 1067 2262 1139 malique

401 1149 769 1220 cognitionem
829 1168 929 1204 nos
981 1149 1283 1212 conducat;
1355 1156 1442 1214 et,
1515 1151 1595 1207 uti
1653 1149 2002 1206 ostendemus
2063 1151 2260 1222 primam

398 1229 850 1302 praecipuamque
889 1230 1078 1284 harum
1116 1231 1430 1302 passionum
1469 1247 1690 1288 causam
1728 1231 2093 1304 cognitionem
2127 1245 2255 1288 esse,

398 1305 543 1362 clare
599 1308 808 1380 patebit
865 1327 962 1363 nos
1000 1309 1287 1365 intellectu
1325 1313 1642 1384 rationeque
1681 1315 1826 1368 recte
1864 1327 1992 1366 usos
2004 1350 2021 1376 ,
2077 1311 2132 1386 in
2159 1305 2260 1364 nul-

397 1387 505 1441 lam
544 1387 734 1442 harum
774 1391 1118 1460 passionum,
1171 1408 1309 1462 quae
1347 1396 1624 1462 tamquam
1665 1391 1865 1446 malum
1903 1408 1936 1446 a
1973 1389 2124 1445 nobis
2157 1387 2262 1466 reji3

398 1469 653 1532 ciendae,
711 1469 953 1526 incidere
1006 1489 1183 1542 posse.
1281 1473 1598 1526 Intellectum
1652 1472 1808 1535 dico,
1873 1471 2002 1547 quia
2049 1469 2260 1544 rationem

401 1545 570 1602 solam
620 1547 774 1604 nullo
816 1549 975 1606 modo
1014 1569 1130 1604 eam
1172 1551 1372 1614 habe0,
1432 1569 1570 1624 quae
1608 1550 1708 1606 hac
1745 1549 1804 1604 in
1842 1566 1898 1602 re
1936 1549 2004 1603 ab
2041 1545 2262 1602 omnibns

397 1628 521 1682 istis
577 1621 806 1686 liberare
863 1649 961 1686 nos
1020 1631 1225 1702 possit,
1288 1631 1370 1684 uti
1428 1649 1526 1685 suo
1575 1629 1696 1686 loco
1733 1633 1923 1700 postea
1959 1626 2260 1682 demonstra·-

396 1707 591 1763 bimus·

467 1868 551 1923 De
604 1868 952 1939 passionibus
998 1887 1125 1925 vero
1164 1874 1442 1943 tamquam
1481 1872 1762 1941 praestans
1801 1864 2012 1939 aliquid
2051 1862 2259 1919 animad-

398 1947 721 2001 vertendum
760 1947 938 2004 adhuc
976 1953 1089 2013 est,
1150 1968 1288 2023 quae
1327 1966 1511 2004 earum
1550 1948 1720 2003 bonae
1758 1952 1918 2011 sunt,
1968 1942 2094 2000 illas
2127 1943 2260 1997 istius

399 2043 515 2081 esse
552 2026 767 2097 generis
805 2032 861 2080 et
898 2032 1157 2093 naturae,
1199 2032 1264 2083 ut
1302 2029 1417 2083 sine
1455 2026 1568 2083 illis
1609 2043 1726 2081 esse
1752 2030 1808 2081 et
1833 2027 2065 2082 existere
2091 2040 2258 2099 neque·

396 2122 583 2169 amm,
640 2104 871 2177 illasque
914 2106 1085 2177 igitur
1123 2107 1491 2164 essentialiter
1527 2107 1596 2161 ad
1635 2124 1734 2162 nos
1771 2108 2074 2179 pertinere,
2113 2104 2188 2160 uti
2218 2120 2258 2155 a·

398 2201 623 2249 morem,
668 2185 1027 2256 cupiditatem
1065 2191 1119 2241 'et
1157 2205 1316 2242 omne
1354 2187 1498 2259 quod
1537 2188 1708 2243 amori
1745 2188 2042 2259 proprium.

464 2342 579 2399 Res
617 2347 799 2398 autem
839 2343 1060 2399 omnino
1097 2344 1206 2400 alio
1247 2346 1404 2401 modo
1438 2363 1494 2401 se
1523 2346 1686 2402 habet
1712 2346 1856 2419 quod
1877 2346 1946 2401 ad
1973 2362 2063 2400 eas
2089 2343 2260 2415 passio·

400 2440 522 2485 neS,
556 2440 694 2494 quae
722 2420 894 2477 malae
920 2424 1184 2501 nobisque
1210 2425 1536 2495 rejiciendae
1563 2430 1725 2489 sunt,
1755 2426 1884 2497 quia
1910 2424 2026 2480 sine
2052 2424 2156 2480 illis
2173 2438 2258 2476 non

398 2502 556 2557 modo
595 2520 712 2557 esse
750 2520 1069 2575 possumus,
1128 2522 1258 2559 vero
1296 2506 1460 2559 etiam
1500 2512 1616 2559 tum
1655 2506 1874 2559 demum
1912 2522 2036 2559 cum
2074 2502 2138 2559 ab
2167 2498 2259 2556 illis

397 2599 495 2636 nos
534 2580 917 2648 liberavimus,
959 2602 1082 2639 vere
1120 2584 1261 2638 tales
1299 2603 1485 2639 sumus
1522 2584 1711 2657 quales
1749 2602 1865 2639 esse
1903 2584 2170 2638 debemus.

464 2740 547 2793 Ut
584 2741 841 2810 majorem
868 2746 1051 2795 autem
1078 2743 1135 2797 in
1162 2743 1248 2797 his
1275 2743 1526 2799 omnibus
1552 2742 1881 2799 evidentiam
1909 2738 2252 2814 praebeamus.

394 2818 937 2875 animadvertendum
976 2838 1136 2893 porro
1176 2828 1288 2886 est,
1331 2824 1508 2878 omnis
1548 2824 1673 2879 boni
1713 2822 1948 2895 malique
1975 2821 2258 2876 fundamen·

394 2902 511 2952 tum
569 2916 805 2954 amorem
852 2918 1000 2964 esse;
1061 2900 1153 2955 ubi
1191 2902 1335 2955 enim
1375 2902 1650 2973 objectum
1689 2920 1797 2957 non
1835 2916 2077 2957 amamus
2111 2897 2258 2952 solun

395 2995 577 3033 amore
632 2978 893 3051 dignum,
954 2998 1145 3051 nempe
1196 2980 1408 3051 Deum,
1467 2982 1561 3038 sed
1617 3000 1702 3037 res
1757 2998 1896 3055 quae
1951 2986 2138 3036 natura
2177 2990 2257 3032 sua
