2432 3554
1045 229 1158 285 301

169 393 269 464 agit
306 390 586 464 publicos:
639 390 694 446 hi
733 392 915 444 tamen
953 387 1105 443 illive
1143 387 1263 462 ejus
1302 387 1467 450 socii,
1510 385 1650 442 tales
1688 403 1745 442 se
1782 405 1897 442 esse
1935 405 2045 443 non

166 471 573 528 obliviscuntur.
677 470 828 526 Hinc
887 469 976 539 alij
1033 467 1424 540 experimentis
1477 466 1896 537 hydrostatici5‚
1952 467 2050 524 alii

167 551 509 614 anatomiciS,
567 550 665 605 alii
712 549 1069 608 mechanicis,
1111 547 1206 602 alii
1246 547 1371 602 aliis
1408 547 1667 618 privatim
1702 543 2046 605 incumbunt.

165 633 294 689 Dnus
347 632 584 703 Boylius
634 631 897 703 originem
949 631 1241 684 formarum
1281 632 1337 682 et
1373 627 1735 700 qualitatum,
1784 633 1948 700 prout
1984 648 2049 684 ea

165 714 415 768 hactenus
453 713 511 768 in
551 711 752 768 scholis
789 717 846 766 et
882 730 914 765 a
950 710 1279 782 paedagogis
1317 713 1554 764 tractata
1590 708 1699 764 fuit
1721 749 1737 771 ,
1778 707 1880 763 sub
1917 726 2043 765 exa-

161 811 273 848 men
327 793 548 849 vocavit
601 797 657 846 et
709 795 1007 874 tractatum
1063 789 1130 844 de
1185 807 1251 844 eo
1308 789 1478 859 (haud
1536 787 1700 844 dubie
1743 789 2041 860 insignem)

161 873 333 944 praelo
394 873 544 928 brevi
583 870 984 941 subjiciendum
1021 870 1393 925 concinnavit.
1472 869 1654 924 Video
1691 872 1747 924 te
1784 887 1893 924 non
1930 875 2045 924 tam

159 953 518 1024 philosophari
558 969 752 1025 quam,
795 953 842 1007 si
868 951 948 1005 ita
973 950 1120 1022 loqui
1149 952 1233 1005 fas
1258 955 1373 1013 est,
1415 948 1813 1020 theologizare,
1854 949 1921 1003 de
1946 966 2043 1003 an-

157 1032 286 1105 gelis
321 1033 554 1104 quippe,
612 1033 930 1105 prophetia,
983 1030 1261 1086 miraculis
1299 1031 1541 1101 cogitata
1579 1034 1677 1084 tua
1714 1029 2039 1101 consignas;

155 1113 238 1167 sed
276 1114 461 1168 forsan
497 1113 554 1167 id
594 1114 712 1184 agis
751 1111 1121 1184 philosophice
1165 1111 1242 1180 ¹):
1286 1114 1413 1166 utut
1462 1111 1663 1175 fuerit,
1703 1114 1885 1165 certus
1922 1127 2043 1164 sum

155 1210 285 1264 opus
337 1211 458 1247 esse
513 1198 569 1247 te
625 1195 852 1265 dignum
907 1198 963 1248 et
1002 1192 1132 1248 mihi
1183 1191 1453 1262 imprimis
1496 1192 2039 1248 desideratissimum.

150 1274 278 1329 Cum
316 1273 638 1329 difficillima
676 1274 808 1330 haec
844 1278 1088 1344 tempora
1124 1273 1574 1328 commerciorum
1614 1273 1835 1328 obstent
1877 1272 2040 1328 liber-

152 1358 278 1422 tati,
317 1355 374 1409 id
413 1354 606 1409 saltem
645 1371 800 1425 rogo,
840 1358 903 1408 ut
939 1352 1230 1410 eonsilium
1268 1359 1323 1406 et
1348 1369 1571 1425 scopum
1600 1357 1757 1407 tuum
1782 1353 1841 1407 in
1868 1352 2044 1408 isthoc

152 1443 240 1490 tuo
279 1434 485 1506 scripto
523 1434 655 1488 mihi
693 1434 752 1488 in
790 1433 1052 1505 proximis
1089 1433 1202 1487 tuis
1242 1433 1549 1504 significare
1587 1450 1697 1488 non
1733 1433 1992 1504 graveris.

211 1515 481 1575 Quotidie
521 1530 664 1568 nova
703 1513 790 1568 hic
828 1517 1205 1585 exspectamus
1244 1515 1311 1568 de
1350 1514 1589 1570 seeundo
1628 1514 1835 1585 praelio
1872 1531 2038 1568 nava-

149 1592 216 1657 li,
254 1594 360 1648 nisi
399 1594 542 1648 forte
579 1592 772 1650 classis
810 1597 992 1648 vestra
1029 1611 1086 1648 se
1113 1613 1329 1651 rursum
1354 1595 1413 1650 in
1440 1601 1658 1667 portum
1684 1594 2031 1650 subduxerit.

148 1674 368 1739 Virtus,
405 1674 473 1729 de
511 1691 620 1746 qua
656 1673 953 1744 disceptari
989 1673 1134 1730 inter
1171 1694 1268 1731 vos
1306 1677 1524 1739 innuis,
1567 1675 1743 1729 ferina
1772 1678 1885 1739 est,
1925 1692 2037 1729 non

149 1753 396 1810 humana.
475 1753 533 1809 Si
581 1753 724 1809 enim
759 1752 922 1824 juxta
959 1752 1189 1811 rationis
1228 1755 1456 1812 ductum
1492 1759 1721 1827 agerent
1756 1755 2037 1823 homines,

143 1850 246 1889 non
293 1834 377 1890 ita
434 1853 491 1889 se
531 1836 766 1890 invicem
804 1834 1168 1901 dilaniarent,
1229 1840 1291 1891 ut
1328 1841 1412 1891 est
1451 1836 1509 1891 in
1546 1836 1854 1908 propatulo.
1930 1836 2037 1893 Sed

144 1916 268 1985 quid
325 1915 561 1986 queror?
635 1914 788 1970 Vitia
844 1920 1006 1969 erunt
1061 1916 1235 1971 donec
1294 1916 1569 1981 homineS,
1626 1915 1722 1971 sed
1779 1933 1880 1971 nec
1935 1915 2035 1971 illa

142 2001 400 2067 perpetua
435 2001 493 2050 et
529 1996 844 2051 interventu
884 1994 1165 2050 meliorum
1207 2002 1527 2067 pensantur.

207 2077 353 2131 Dum
395 2076 527 2131 haec
565 2076 777 2140 scribo,
819 2076 1058 2132 traditur
1093 2076 1327 2148 epistola
1364 2078 1431 2131 ab
1467 2076 1672 2147 insigni
1707 2074 1808 2130 illo
1844 2076 2037 2129 Astro-

140 2171 298 2211 nomo
352 2155 722 2217 Dantiscano‚
783 2156 898 2211 Duo
949 2156 1202 2212 Johanne
1238 2156 1503 2220 Heveli0,
1569 2157 1637 2210 ad
1677 2172 1763 2209 me
1800 2154 2035 2226 scripta,

139 2234 192 2289 in
249 2253 362 2307 qua
415 2236 560 2289 inter
615 2233 726 2289 alia
782 2234 914 2291 mihi
953 2235 1256 2305 signifieat,
1310 2236 1819 2309 Cometographiam
1858 2235 2036 2308 ipsius

141 2315 236 2369 sub
273 2314 460 2385 praelo
498 2314 757 2381 sudasse,
800 2320 856 2369 et
894 2316 1120 2386 paginas
1152 2318 1268 2389 jam
1304 2319 1411 2373 400
1438 2318 1553 2373 sive
1580 2318 1612 2371 9
1640 2316 1809 2371 libros
1829 2314 2038 2386 priores

138 2394 417 2449 absolutos
473 2412 614 2450 esse.
688 2394 910 2452 Indicat
964 2402 1243 2467 praeterea
1301 2416 1359 2453 se
1399 2398 1530 2453 mihi
1567 2394 1898 2467 exemplaria
1934 2394 2035 2449 ali·

137 2478 268 2545 quot
322 2474 691 2529 transmisisse
747 2474 1034 2531 Prodromi
1072 2478 1156 2532 sui
1195 2477 1493 2540 Cometici,
1554 2476 1612 2531 in
1649 2493 1759 2548 quo
1794 2476 2029 2547 priorem

139 2551 391 2609 binomen
420 2571 753 2625 nuperorum
781 2561 1114 2612 cometarum
1140 2558 1261 2613 fuse
1286 2556 1669 2628 descripserit,
1696 2556 1792 2611 sed
1816 2574 1881 2611 ea
1905 2572 2041 2611 non·

134 2632 261 2687 dum
303 2634 374 2688 ad
429 2652 622 2690 manus
659 2652 806 2697 meas
844 2642 1227 2707 pervenerunt.
1302 2638 1515 2695 Statuit
1551 2636 1780 2708 insuper
1814 2637 1881 2690 de
1920 2652 2042 2706 pos-

134 2712 319 2768 teriori
375 2732 592 2787 quoque
631 2720 844 2771 cometa
880 2716 1082 2773 librum
1119 2716 1290 2773 alium
1332 2717 1494 2773 edere
1536 2721 1593 2773 et
1629 2717 1912 2773 doctorum
1944 2714 2035 2786 ju·

135 2791 278 2847 dicio
317 2794 608 2865 subjicere.

187 2982 238 3040 1)
269 2982 418 3032 Nimis
450 2986 636 3033 omnino
668 2987 980 3049 philosophice
1013 3004 1096 3049 pro
1127 2988 1363 3051 scriptoris
1398 2996 1558 3050 captu3
1602 2989 1705 3037 vide
1738 3004 1853 3047 quse
1881 2992 2037 3048 postea

127 3049 178 3098 tle
223 3054 438 3102 Tractatu
473 3057 630 3104 Theol.
664 3058 762 3105 Pol.
797 3058 1018 3119 Spinozae
1051 3060 1294 3120 obiecerit,
1344 3060 1392 3107 in
1425 3060 1617 3121 epistola
1647 3059 1787 3107 Brud.
1816 3061 1877 3107 ssa
1906 3062 1954 3107 et
1984 3058 2035 3105 in

125 3136 198 3180 oa,
235 3139 365 3183 quam
398 3126 518 3174 infra
551 3130 575 3189 ς
609 3130 669 3175 10
699 3130 1018 3179 exhibebimus.
