2432 3554
1069 175 1190 232 333

181 333 432 390 desidero
469 334 564 404 (ob
602 335 906 407 singulares
941 335 1206 404 rationes)
1250 337 1310 388 ut
1347 333 1459 388 tale
1498 331 1775 405 speculum
1804 334 2069 389 ustorium

180 413 438 478 habeam,
499 415 659 487 quale
695 419 780 470 est
814 420 1056 470 vestrum
1095 413 1435 478 Parisiense,
1498 413 1639 468 hanc
1675 429 1859 468 curam
1897 412 2072 468 lentes

178 494 360 548 varias
414 493 679 550 efficiendi
716 495 831 549 filio
866 496 985 566 ejus
1021 495 1295 556 concessi:
1363 501 1456 558 ut,
1499 500 1784 566 postquam
1822 496 1891 548 ad
1929 496 2073 551 vitra

176 574 252 629 D.
313 574 519 630 Borelli
577 574 737 630 tubos
777 576 906 631 mihi
945 581 1230 646 paraverat
1266 575 1481 647 aliaque
1518 574 1784 647 quaedam
1822 576 2066 640 curiosa,

167 652 286 723 jam
323 653 382 707 in
421 672 484 708 eo
523 659 673 709 totus
705 659 818 724 est,
861 661 924 710 ut
961 654 1136 710 simile
1173 656 1435 725 perficiat.
1497 655 1571 708 Et
1609 659 1753 709 certe
1792 654 1849 708 in
1888 673 1950 709 eo
1975 673 2068 726 pa·

172 734 349 788 raudo
389 734 522 788 talia
559 735 759 799 didici,
803 740 865 790 ut
890 736 1006 805 jam
1043 734 1256 805 exiguis
1297 735 1603 807 sumptibus
1629 738 1684 788 ct
1710 733 1892 788 labore
1920 735 2063 790 haud

173 812 316 866 adeo
355 830 554 885 magno
591 814 793 869 similia
829 833 1019 886 parare
1052 815 1281 868 valeam.

241 891 328 947 Ex
367 893 651 948 occasione
687 895 914 950 referam
951 894 1195 966 Anglum
1235 912 1352 949 esse
1388 895 1446 949 in
1477 893 1682 948 Altena
1708 911 1872 965 prope
1898 895 2068 950 Ham-

169 972 402 1044 burgum
421 1015 436 1036 ,
465 990 624 1044 quem
651 975 845 1030 dicunt
870 974 1071 1030 vitrum
1097 974 1441 1028 mollefaccre
1467 978 1523 1027 ct
1546 973 1891 1028 indurescere
1910 992 2067 1046 posse

165 1069 271 1123 pro
331 1051 538 1118 lubitu,
598 1058 654 1108 et
693 1055 865 1109 multa
903 1054 1150 1109 miranda
1187 1055 1335 1108 hisce
1373 1058 1646 1125 praestare
1682 1070 1859 1124 posse.
1934 1055 2069 1110 Fuit

165 1132 492 1204 peregrinus
528 1133 587 1188 in
624 1133 858 1190 Lusatia
895 1139 1083 1190 nostra
1119 1136 1239 1199 hic,
1281 1136 1375 1206 qui
1407 1134 1609 1189 vitrum
1638 1134 1707 1188 ab
1732 1134 1851 1204 ipso
1878 1134 2068 1189 habuit

165 1211 444 1284 utrimque
498 1229 833 1278 convexum,
893 1215 951 1269 in
1007 1215 1165 1285 cujus
1202 1216 1382 1270 medio
1422 1232 1617 1284 magna
1654 1231 1852 1268 aranea
1889 1215 2064 1270 incor-

162 1296 332 1363 rupta
369 1292 642 1349 haerebat.
705 1293 916 1348 Vellem
960 1313 1042 1349 me
1077 1296 1259 1366 ipsum
1298 1295 1399 1350 hoc
1423 1295 1657 1358 vidisse,
1698 1299 1753 1348 et
1780 1294 1917 1348 dabo
1938 1312 2065 1366 ope-

161 1388 274 1425 ram
297 1413 314 1435 ,
375 1389 482 1443 quo
519 1373 804 1428 resciscam
843 1374 975 1447 quid
1013 1376 1090 1430 rei
1129 1376 1261 1440 siet,
1304 1379 1362 1429 et
1398 1391 1599 1428 numne
1637 1374 1737 1428 hoc
1774 1374 2065 1428 inventum

161 1453 408 1524 aliquam
446 1452 720 1510 fallaciam
757 1455 1022 1513 includat.
1087 1455 1348 1512 Delector
1384 1472 1597 1526 quoque
1624 1471 1688 1508 eo
1710 1497 1723 1518 ‚
1762 1453 1906 1524 quod
1933 1454 2063 1508 scri-

160 1532 276 1595 bis,
336 1533 480 1604 quod
537 1533 658 1604 ipsa
694 1536 1032 1605 experientia
1065 1536 1295 1590 edoctus
1332 1553 1391 1590 es
1428 1538 1481 1588 te
1518 1533 1663 1588 vitra
1700 1532 1941 1604 poliendi
1979 1551 2061 1587 ar-

155 1616 270 1668 tem
311 1612 380 1666 ad
419 1630 692 1666 summum
730 1613 1080 1684 perduxisse:
1144 1620 1390 1686 optarem
1428 1613 1559 1669 mihi
1598 1612 1819 1685 aliquod
1857 1613 2061 1667 vitrum

157 1693 260 1748 hac
302 1697 419 1746 arte
456 1697 704 1764 paratum
727 1735 740 1755 ‚
781 1694 891 1748 imo
930 1698 992 1748 ut
1031 1693 1130 1750 hoc
1168 1697 1228 1750 in
1264 1687 1548 1766 Dioptrica
1585 1696 1683 1747 tua
1721 1692 2058 1764 publicatum

157 1773 460 1845 aliquando
499 1777 768 1829 secretum
806 1779 1065 1829 exstaret.
1171 1812 1174 1820 ·

225 1854 320 1907 60.
363 1852 577 1907 Vellem
616 1872 832 1927 quoque
869 1855 1288 1927 corresponderc
1326 1873 1448 1910 eum
1488 1853 1761 1908 extraneis
1797 1853 1855 1907 in
1890 1854 2058 1909 variis

153 1932 509 2005 regionibus,
550 1934 633 1988 uti
671 1935 1070 1991 Amstelodami
1110 1935 1280 1990 habeo
1300 1936 1367 1993 D.
1388 1953 1493 1989 van
1513 1934 1659 1987 Gent
1686 1937 1737 1996 ¹,
1778 1933 1954 1986 virum
1974 1938 2055 1987 ta-

151 2011 259 2067 lem
281 2051 298 2076 ,
338 2013 529 2083 quales
565 2018 841 2085 optarem,
887 2019 948 2069 ut
985 2016 1190 2071 similes
1228 2030 1667 2086 corresponsores
1692 2012 1816 2066 aliis
1842 2012 1898 2067 in
1920 2012 2055 2067 locis

149 2092 290 2146 mihi
328 2092 608 2163 acquirere
647 2112 892 2165 possem:
933 2094 990 2149 id
1027 2095 1172 2166 quod
1211 2095 1395 2151 soluta
1429 2093 1613 2165 aliqua
1639 2093 1869 2163 pecunia
1894 2092 2053 2147 facile

150 2174 472 2237 obtinetur,
514 2179 578 2229 ut
615 2175 704 2230 hic
743 2176 926 2231 subito
961 2176 1289 2239 resciamus,
1330 2174 1461 2248 quid
1498 2176 1555 2229 in
1593 2172 1717 2228 aliis
1744 2172 1877 2227 locis
1904 2189 2053 2242 pera-

149 2261 346 2326 gatur,
409 2259 465 2307 et
527 2256 655 2310 novi
711 2255 780 2310 ab
836 2256 1068 2311 eruditis
1124 2258 1458 2312 inveniatur.
1534 2255 1693 2314 Quae
1740 2251 1923 2306 omnia
1958 2253 2052 2323 qui

151 2336 292 2389 bene
331 2332 736 2401 considerabit,
776 2353 886 2391 non
925 2336 1263 2391 existimabit
1300 2336 1528 2391 nimium
1555 2351 1703 2395 esse.
1743 2332 1887 2404 quod
1914 2333 2053 2385 1000

149 2412 466 2485 imperiales
523 2415 826 2471 desiderem
870 2415 939 2470 ad
978 2415 1164 2470 studia
1202 2416 1345 2470 bona
1380 2412 1711 2477 excolenda,
1766 2416 1823 2465 et
1859 2412 2052 2465 dubito

148 2512 220 2549 an
263 2493 425 2547 multi
463 2494 817 2551 inveniantur
847 2494 997 2566 jam,
1054 2497 1149 2567 qui
1188 2495 1367 2551 simile
1403 2493 1534 2566 quid
1572 2510 1637 2546 ea
1672 2492 1903 2563 pecunia
1941 2491 2053 2546 sint

147 2574 472 2647 praestituri
529 2592 593 2629 ac
648 2575 706 2629 in
747 2593 829 2629 mc
867 2576 1138 2645 suscipio;
1192 2591 1516 2646 quamquam
1556 2571 1717 2625 etiam
1758 2571 2048 2641 (siquidem

150 2652 494 2725 impossibile
561 2658 646 2707 est
705 2673 824 2709 eam
887 2673 1149 2709 summam
1208 2653 1479 2723 obtinere)
1537 2650 1734 2705 minori
1789 2650 2049 2720 pensione

151 2737 452 2788 contentus
507 2750 680 2786 essem
737 2733 841 2801 (uti
901 2734 1030 2789 haec
1086 2738 1142 2789 et
1197 2734 1401 2789 similia
1448 2731 1583 2786 satis
1620 2747 1887 2801 superque
1924 2746 2048 2783 cum

148 2812 382 2867 Parisiis
421 2829 593 2865 essem
632 2812 739 2868 Mr.
789 2811 823 2865 l’
863 2813 1022 2867 Abbe
1059 2813 1269 2870 Gallois
1308 2812 1604 2881 indicavi);
1646 2809 1963 2883 praesertim
2000 2810 2047 2864 si

147 2894 274 2964 quis
313 2892 450 2945 velit
485 2891 554 2944 ad
595 2892 697 2947 hoc
734 2892 1037 2958 reflectere,
1078 2895 1225 2965 quod
1266 2912 1350 2949 me
1375 2892 1742 2962 obstringam,
1786 2907 1867 2943 me
1894 2888 2047 2945 nulla

210 3056 260 3109 1)
325 3050 441 3099 Vide
474 3068 634 3114 supra,
667 3070 710 3114 p.
743 3056 849 3101 314.
