<?xml version="1.0" encoding="UTF-8"?>
<!DOCTYPE html PUBLIC "-//W3C//DTD XHTML 1.0 Transitional//EN"
    "http://www.w3.org/TR/xhtml1/DTD/xhtml1-transitional.dtd">
<html xmlns="http://www.w3.org/1999/xhtml" xml:lang="en" lang="en">
 <head>
  <title>
</title>
<meta http-equiv="Content-Type" content="text/html;charset=utf-8" />
  <meta name='ocr-system' content='tesseract 3.04.00' />
  <meta name='ocr-capabilities' content='ocr_page ocr_carea ocr_par ocr_line ocrx_word'/>
</head>
<body>
  <div class='ocr_page' id='page_1' title='image "benedictidespin00vlotgoog_0226.png"; bbox 0 0 2432 3554; ppageno 0'>
   <div class='ocr_carea' id='block_1_1' title="bbox 1297 198 1418 255">
    <p class='ocr_par' dir='ltr' id='par_1_1' title="bbox 1297 198 1418 255">
     <span class='ocr_line' id='line_1_1' title="bbox 1297 198 1418 255; baseline 0 -1"><span class='ocrx_word' id='word_1_1' title='bbox 1297 198 1418 255; x_wconf 81' lang='lat'><strong>210</strong></span> 
     </span>
    </p>
   </div>
   <div class='ocr_carea' id='block_1_2' title="bbox 411 356 2260 751">
    <p class='ocr_par' dir='ltr' id='par_1_2' title="bbox 411 356 2260 751">
     <span class='ocr_line' id='line_1_2' title="bbox 414 356 2254 431; baseline -0.001 -19"><span class='ocrx_word' id='word_1_2' title='bbox 414 356 649 414; x_wconf 77' lang='lat' dir='ltr'><strong>existere</strong></span> <span class='ocrx_word' id='word_1_3' title='bbox 701 372 803 413; x_wconf 88' lang='lat' dir='ltr'><strong>nec</strong></span> <span class='ocrx_word' id='word_1_4' title='bbox 854 356 1069 430; x_wconf 77' lang='lat' dir='ltr'><strong>concipi</strong></span> <span class='ocrx_word' id='word_1_5' title='bbox 1124 361 1328 431; x_wconf 85' lang='lat' dir='ltr'><strong>potest.</strong></span> <span class='ocrx_word' id='word_1_6' title='bbox 1403 358 1567 414; x_wconf 82' lang='lat' dir='ltr'><strong>Unde</strong></span> <span class='ocrx_word' id='word_1_7' title='bbox 1627 357 1788 415; x_wconf 79' lang='lat' dir='ltr'><strong>facile</strong></span> <span class='ocrx_word' id='word_1_8' title='bbox 1843 357 2038 414; x_wconf 85' lang='lat' dir='ltr'><strong>deduci</strong></span> <span class='ocrx_word' id='word_1_9' title='bbox 2075 362 2254 431; x_wconf 73' lang='lat' dir='ltr'><strong>potestt</strong></span> 
     </span>
     <span class='ocr_line' id='line_1_3' title="bbox 482 438 2260 513; baseline -0.001 -20"><span class='ocrx_word' id='word_1_10' title='bbox 482 439 535 495; x_wconf 87' lang='lat'><strong>1.</strong></span> <span class='ocrx_word' id='word_1_11' title='bbox 594 438 813 509; x_wconf 82' lang='lat' dir='ltr'><strong>quando</strong></span> <span class='ocrx_word' id='word_1_12' title='bbox 859 456 1010 493; x_wconf 89' lang='lat' dir='ltr'><strong>mens</strong></span> <span class='ocrx_word' id='word_1_13' title='bbox 1047 456 1170 493; x_wconf 88' lang='lat' dir='ltr'><strong>cum</strong></span> <span class='ocrx_word' id='word_1_14' title='bbox 1208 454 1434 510; x_wconf 87' lang='lat' dir='ltr'><strong>corpore</strong></span> <span class='ocrx_word' id='word_1_15' title='bbox 1477 438 1595 493; x_wconf 87' lang='lat' dir='ltr'><strong>solo</strong></span> <span class='ocrx_word' id='word_1_16' title='bbox 1634 438 1792 494; x_wconf 76' lang='lat' dir='ltr'><strong>unita</strong></span> <span class='ocrx_word' id='word_1_17' title='bbox 1828 444 1948 505; x_wconf 89' lang='lat' dir='ltr'><strong>est,</strong></span> <span class='ocrx_word' id='word_1_18' title='bbox 1997 454 2260 513; x_wconf 74' lang='lat' dir='ltr'><strong>corpusque</strong></span> 
     </span>
     <span class='ocr_line' id='line_1_4' title="bbox 412 516 2257 591; baseline -0.001 -17"><span class='ocrx_word' id='word_1_19' title='bbox 412 516 580 577; x_wconf 82' lang='lat' dir='ltr'><strong>illud.</strong></span> <span class='ocrx_word' id='word_1_20' title='bbox 620 518 820 573; x_wconf 81' lang='lat' dir='ltr'><strong>amoris</strong></span> <span class='ocrx_word' id='word_1_21' title='bbox 857 518 975 589; x_wconf 86' lang='lat' dir='ltr'><strong>ejus</strong></span> <span class='ocrx_word' id='word_1_22' title='bbox 1010 518 1464 584; x_wconf 78' lang='lat' dir='ltr'><strong>fundamentum,</strong></span> <span class='ocrx_word' id='word_1_23' title='bbox 1504 519 1679 591; x_wconf 88' lang='lat' dir='ltr'><strong>perit,</strong></span> <span class='ocrx_word' id='word_1_24' title='bbox 1721 523 1778 573; x_wconf 90' lang='lat' dir='ltr'><strong>et</strong></span> <span class='ocrx_word' id='word_1_25' title='bbox 1819 518 1972 573; x_wconf 76' lang='lat' dir='ltr'><strong>illam</strong></span> <span class='ocrx_word' id='word_1_26' title='bbox 2008 520 2166 590; x_wconf 84' lang='lat' dir='ltr'><strong>perire</strong></span> <span class='ocrx_word' id='word_1_27' title='bbox 2187 516 2257 571; x_wconf 85' lang='lat' dir='ltr'><strong>de·</strong></span> 
     </span>
     <span class='ocr_line' id='line_1_5' title="bbox 411 598 2072 670; baseline 0 -17"><span class='ocrx_word' id='word_1_28' title='bbox 411 598 568 661; x_wconf 83' lang='lat' dir='ltr'><strong>bere;</strong></span> <span class='ocrx_word' id='word_1_29' title='bbox 611 616 835 669; x_wconf 86' lang='lat' dir='ltr'><strong>corpore</strong></span> <span class='ocrx_word' id='word_1_30' title='bbox 872 599 1014 653; x_wconf 88' lang='lat' dir='ltr'><strong>enim</strong></span> <span class='ocrx_word' id='word_1_31' title='bbox 1052 614 1245 655; x_wconf 83' lang='lat' dir='ltr'><strong>carens</strong></span> <span class='ocrx_word' id='word_1_32' title='bbox 1283 600 1448 654; x_wconf 81' lang='lat' dir='ltr'><strong>etiam</strong></span> <span class='ocrx_word' id='word_1_33' title='bbox 1487 598 1666 670; x_wconf 83' lang='lat' dir='ltr'><strong>perire</strong></span> <span class='ocrx_word' id='word_1_34' title='bbox 1705 598 1889 653; x_wconf 86' lang='lat' dir='ltr'><strong>debet.</strong></span> <span class='ocrx_word' id='word_1_35' title='bbox 1929 599 2072 653; x_wconf 86' lang='lat' dir='ltr'><strong>Vero</strong></span> 
     </span>
     <span class='ocr_line' id='line_1_6' title="bbox 481 677 2256 751; baseline -0.002 -18"><span class='ocrx_word' id='word_1_36' title='bbox 481 678 534 733; x_wconf 77' lang='lat'><strong>2.</strong></span> <span class='ocrx_word' id='word_1_37' title='bbox 594 678 814 750; x_wconf 79' lang='lat' dir='ltr'><strong>quando</strong></span> <span class='ocrx_word' id='word_1_38' title='bbox 868 696 992 735; x_wconf 89' lang='lat' dir='ltr'><strong>oum</strong></span> <span class='ocrx_word' id='word_1_39' title='bbox 1030 677 1139 733; x_wconf 81' lang='lat' dir='ltr'><strong>alia</strong></span> <span class='ocrx_word' id='word_1_40' title='bbox 1177 697 1266 742; x_wconf 92' lang='lat' dir='ltr'><strong>re,</strong></span> <span class='ocrx_word' id='word_1_41' title='bbox 1325 694 1465 751; x_wconf 78' lang='lat' dir='ltr'><strong>quae</strong></span> <span class='ocrx_word' id='word_1_42' title='bbox 1502 678 1865 733; x_wconf 73' lang='lat' dir='ltr'><strong>immutabilis</strong></span> <span class='ocrx_word' id='word_1_43' title='bbox 1903 682 2021 743; x_wconf 82' lang='lat' dir='ltr'><strong>est,</strong></span> <span class='ocrx_word' id='word_1_44' title='bbox 2074 677 2256 738; x_wconf 72' lang='lat' dir='ltr'><strong>unitur,</strong></span> 
     </span>
    </p>
   </div>
   <div class='ocr_carea' id='block_1_3' title="bbox 411 757 2373 818">
    <p class='ocr_par' dir='ltr' id='par_1_3' title="bbox 411 757 2373 818">
     <span class='ocr_line' id='line_1_7' title="bbox 411 757 2373 818; baseline -0.001 -6"><span class='ocrx_word' id='word_1_45' title='bbox 411 776 441 812; x_wconf 88' lang='lat' dir='ltr'><strong>e</strong></span> <span class='ocrx_word' id='word_1_46' title='bbox 496 758 772 813; x_wconf 80' lang='lat' dir='ltr'><strong>contrario</strong></span> <span class='ocrx_word' id='word_1_47' title='bbox 828 758 991 813; x_wconf 82' lang='lat' dir='ltr'><strong>etiam</strong></span> <span class='ocrx_word' id='word_1_48' title='bbox 1045 758 1409 815; x_wconf 81' lang='lat' dir='ltr'><strong>immutabilis</strong></span> <span class='ocrx_word' id='word_1_49' title='bbox 1463 758 1831 815; x_wconf 78' lang='lat' dir='ltr'><strong>continuabit.</strong></span> <span class='ocrx_word' id='word_1_50' title='bbox 1913 758 2094 818; x_wconf 77' lang='lat' dir='ltr'><strong>Quare</strong></span> <span class='ocrx_word' id='word_1_51' title='bbox 2142 757 2261 811; x_wconf 75' lang='lat' dir='ltr'><strong>enim</strong></span> <span class='ocrx_word' id='word_1_52' title='bbox 2371 766 2373 769; x_wconf 70' lang='lat'>‘</span> 
     </span>
    </p>
   </div>
   <div class='ocr_carea' id='block_1_4' title="bbox 409 837 2262 911">
    <p class='ocr_par' dir='ltr' id='par_1_4' title="bbox 409 837 2262 911">
     <span class='ocr_line' id='line_1_8' title="bbox 409 837 2262 911; baseline -0.002 -18"><span class='ocrx_word' id='word_1_53' title='bbox 409 837 527 893; x_wconf 86' lang='lat' dir='ltr'><strong>fleri</strong></span> <span class='ocrx_word' id='word_1_54' title='bbox 562 842 778 911; x_wconf 85' lang='lat' dir='ltr'><strong>posset,</strong></span> <span class='ocrx_word' id='word_1_55' title='bbox 820 842 880 891; x_wconf 87' lang='lat' dir='ltr'><strong>ut</strong></span> <span class='ocrx_word' id='word_1_56' title='bbox 916 838 1328 893; x_wconf 78' lang='lat' dir='ltr'><strong>destrueretur?</strong></span> <span class='ocrx_word' id='word_1_57' title='bbox 1363 838 1493 895; x_wconf 88' lang='lat' dir='ltr'><strong>Non</strong></span> <span class='ocrx_word' id='word_1_58' title='bbox 1531 856 1564 891; x_wconf 76' lang='lat' dir='ltr'><strong>a</strong></span> <span class='ocrx_word' id='word_1_59' title='bbox 1601 855 1657 893; x_wconf 82' lang='lat' dir='ltr'><strong>se</strong></span> <span class='ocrx_word' id='word_1_60' title='bbox 1695 838 1844 909; x_wconf 81' lang='lat' dir='ltr'><strong>ipsa,</strong></span> <span class='ocrx_word' id='word_1_61' title='bbox 1889 840 1972 894; x_wconf 89' lang='lat' dir='ltr'><strong>uti</strong></span> <span class='ocrx_word' id='word_1_62' title='bbox 2009 838 2142 893; x_wconf 85' lang='lat' dir='ltr'><strong>enim</strong></span> <span class='ocrx_word' id='word_1_63' title='bbox 2176 852 2262 890; x_wconf 85' lang='lat' dir='ltr'><strong>non</strong></span> 
     </span>
    </p>
   </div>
   <div class='ocr_carea' id='block_1_5' title="bbox 410 916 2373 991">
    <p class='ocr_par' dir='ltr' id='par_1_5' title="bbox 410 916 2373 991">
     <span class='ocr_line' id='line_1_9' title="bbox 410 916 2373 991; baseline -0.003 -18"><span class='ocrx_word' id='word_1_64' title='bbox 410 936 444 973; x_wconf 78' lang='lat' dir='ltr'><strong>a</strong></span> <span class='ocrx_word' id='word_1_65' title='bbox 478 934 536 973; x_wconf 82' lang='lat' dir='ltr'><strong>se</strong></span> <span class='ocrx_word' id='word_1_66' title='bbox 572 918 693 989; x_wconf 84' lang='lat' dir='ltr'><strong>ipsa</strong></span> <span class='ocrx_word' id='word_1_67' title='bbox 728 917 949 973; x_wconf 90' lang='lat' dir='ltr'><strong>initium</strong></span> <span class='ocrx_word' id='word_1_68' title='bbox 987 932 1177 989; x_wconf 80' lang='lat' dir='ltr'><strong>capere</strong></span> <span class='ocrx_word' id='word_1_69' title='bbox 1214 918 1429 991; x_wconf 86' lang='lat' dir='ltr'><strong>potuit,</strong></span> <span class='ocrx_word' id='word_1_70' title='bbox 1489 934 1614 974; x_wconf 90' lang='lat' dir='ltr'><strong>cum</strong></span> <span class='ocrx_word' id='word_1_71' title='bbox 1655 918 1899 972; x_wconf 86' lang='lat' dir='ltr'><strong>nondum</strong></span> <span class='ocrx_word' id='word_1_72' title='bbox 1935 922 2080 979; x_wconf 78' lang='lat' dir='ltr'><strong>erat,</strong></span> <span class='ocrx_word' id='word_1_73' title='bbox 2123 916 2192 971; x_wconf 82' lang='lat' dir='ltr'><strong>sie</strong></span> <span class='ocrx_word' id='word_1_74' title='bbox 2221 920 2264 967; x_wconf 76' lang='lat' dir='ltr'><strong>ot</strong></span> <span class='ocrx_word' id='word_1_75' title='bbox 2371 922 2373 927; x_wconf 83' lang='grc'><strong><em>·</em></strong></span> 
     </span>
    </p>
   </div>
   <div class='ocr_carea' id='block_1_6' title="bbox 408 994 2373 1229">
    <p class='ocr_par' dir='ltr' id='par_1_6' title="bbox 408 994 2373 1229">
     <span class='ocr_line' id='line_1_10' title="bbox 410 994 2373 1073; baseline -0.004 -20"><span class='ocrx_word' id='word_1_76' title='bbox 410 1015 558 1053; x_wconf 87' lang='lat' dir='ltr'><strong>nunc</strong></span> <span class='ocrx_word' id='word_1_77' title='bbox 606 1016 728 1053; x_wconf 88' lang='lat' dir='ltr'><strong>cum</strong></span> <span class='ocrx_word' id='word_1_78' title='bbox 778 997 893 1069; x_wconf 83' lang='lat' dir='ltr'><strong>jam</strong></span> <span class='ocrx_word' id='word_1_79' title='bbox 933 1002 1017 1053; x_wconf 89' lang='lat' dir='ltr'><strong>est</strong></span> <span class='ocrx_word' id='word_1_80' title='bbox 1054 995 1254 1052; x_wconf 82' lang='lat' dir='ltr'><strong>mutari</strong></span> <span class='ocrx_word' id='word_1_81' title='bbox 1292 996 1610 1070; x_wconf 80' lang='lat' dir='ltr'><strong>destruique</strong></span> <span class='ocrx_word' id='word_1_82' title='bbox 1649 998 1858 1069; x_wconf 85' lang='lat' dir='ltr'><strong>nequit.</strong></span> <span class='ocrx_word' id='word_1_83' title='bbox 1935 996 2025 1053; x_wconf 77' lang='lat' dir='ltr'><strong>Ita</strong></span> <span class='ocrx_word' id='word_1_84' title='bbox 2057 994 2260 1051; x_wconf 76' lang='lat' dir='ltr'><strong>utillud</strong></span> <span class='ocrx_word' id='word_1_85' title='bbox 2370 1018 2373 1073; x_wconf 72' lang='lat'>3</span> 
     </span>
     <span class='ocr_line' id='line_1_11' title="bbox 409 1075 2373 1149; baseline -0.002 -16"><span class='ocrx_word' id='word_1_86' title='bbox 409 1078 556 1149; x_wconf 89' lang='lat' dir='ltr'><strong>quod</strong></span> <span class='ocrx_word' id='word_1_87' title='bbox 611 1076 789 1131; x_wconf 83' lang='lat' dir='ltr'><strong>solum</strong></span> <span class='ocrx_word' id='word_1_88' title='bbox 858 1076 934 1132; x_wconf 90' lang='lat' dir='ltr'><strong>rei</strong></span> <span class='ocrx_word' id='word_1_89' title='bbox 990 1078 1259 1131; x_wconf 84' lang='lat' dir='ltr'><strong>essentiae</strong></span> <span class='ocrx_word' id='word_1_90' title='bbox 1315 1094 1481 1133; x_wconf 79' lang='lat' dir='ltr'><strong>causa</strong></span> <span class='ocrx_word' id='word_1_91' title='bbox 1537 1080 1651 1139; x_wconf 90' lang='lat' dir='ltr'><strong>est,</strong></span> <span class='ocrx_word' id='word_1_92' title='bbox 1713 1076 1878 1130; x_wconf 78' lang='lat' dir='ltr'><strong>etiam</strong></span> <span class='ocrx_word' id='word_1_93' title='bbox 1929 1075 2161 1149; x_wconf 79' lang='lat' dir='ltr'><strong>(qnando</strong></span> <span class='ocrx_word' id='word_1_94' title='bbox 2191 1090 2262 1145; x_wconf 75' lang='lat' dir='ltr'><strong>pe·</strong></span> <span class='ocrx_word' id='word_1_95' title='bbox 2371 1076 2373 1121; x_wconf 76' lang='grc' dir='ltr'>Ξ</span> 
     </span>
     <span class='ocr_line' id='line_1_12' title="bbox 408 1154 2373 1229; baseline -0.003 -18"><span class='ocrx_word' id='word_1_96' title='bbox 408 1157 507 1227; x_wconf 86' lang='lat' dir='ltr'><strong>rit)</strong></span> <span class='ocrx_word' id='word_1_97' title='bbox 563 1156 683 1227; x_wconf 88' lang='lat' dir='ltr'><strong>ejus</strong></span> <span class='ocrx_word' id='word_1_98' title='bbox 736 1158 1141 1213; x_wconf 80' lang='lat' dir='ltr'><strong>non-essentiae</strong></span> <span class='ocrx_word' id='word_1_99' title='bbox 1200 1164 1286 1212; x_wconf 89' lang='lat' dir='ltr'><strong>est</strong></span> <span class='ocrx_word' id='word_1_100' title='bbox 1320 1172 1518 1221; x_wconf 77' lang='lat' dir='ltr'><strong>causa,</strong></span> <span class='ocrx_word' id='word_1_101' title='bbox 1577 1156 1708 1229; x_wconf 74' lang='lat' dir='ltr'><strong>quia</strong></span> <span class='ocrx_word' id='word_1_102' title='bbox 1746 1157 1864 1227; x_wconf 80' lang='lat' dir='ltr'><strong>ipsa</strong></span> <span class='ocrx_word' id='word_1_103' title='bbox 1903 1161 2138 1211; x_wconf 78' lang='lat' dir='ltr'><strong>mutatur</strong></span> <span class='ocrx_word' id='word_1_104' title='bbox 2167 1154 2264 1207; x_wconf 77' lang='lat' dir='ltr'><strong>des·</strong></span> <span class='ocrx_word' id='word_1_105' title='bbox 2370 1172 2373 1207; x_wconf 90' lang='grc'><em>;</em></span> 
     </span>
    </p>
   </div>
   <div class='ocr_carea' id='block_1_7' title="bbox 410 1237 738 1309">
    <p class='ocr_par' dir='ltr' id='par_1_7' title="bbox 410 1237 738 1309">
     <span class='ocr_line' id='line_1_13' title="bbox 410 1237 738 1309; baseline -0.003 -18"><span class='ocrx_word' id='word_1_106' title='bbox 410 1237 738 1309; x_wconf 88' lang='lat' dir='ltr'><strong>truiturque.</strong></span> 
     </span>
    </p>
   </div>
   <div class='ocr_carea' id='block_1_8' title="bbox 764 2029 1940 2247">
    <p class='ocr_par' dir='ltr' id='par_1_8' title="bbox 764 2029 1940 2247">
     <span class='ocr_line' id='line_1_14' title="bbox 764 2029 1940 2092; baseline -0.001 -6"><span class='ocrx_word' id='word_1_107' title='bbox 764 2029 1014 2091; x_wconf 79' lang='lat' dir='ltr'>CAPUT</span> <span class='ocrx_word' id='word_1_108' title='bbox 1048 2029 1491 2089; x_wconf 83' lang='lat' dir='ltr'><strong>VIOESIMUM</strong></span> <span class='ocrx_word' id='word_1_109' title='bbox 1525 2030 1940 2092; x_wconf 77' lang='lat' dir='ltr'><strong>QUARTUM.</strong></span> 
     </span>
     <span class='ocr_line' id='line_1_15' title="bbox 867 2149 1843 2247; baseline 0.001 -2"><span class='ocrx_word' id='word_1_110' title='bbox 867 2206 943 2245; x_wconf 80' lang='lat' dir='ltr'><strong>nn</strong></span> <span class='ocrx_word' id='word_1_111' title='bbox 978 2205 1081 2244; x_wconf 75' lang='lat' dir='ltr'><strong>nm</strong></span> <span class='ocrx_word' id='word_1_112' title='bbox 1114 2205 1271 2244; x_wconf 72' lang='lat' dir='ltr'>ERGA</span> <span class='ocrx_word' id='word_1_113' title='bbox 1305 2149 1582 2246; x_wconf 53' lang='lat' dir='ltr'><strong>Romnum</strong></span> <span class='ocrx_word' id='word_1_114' title='bbox 1622 2206 1843 2247; x_wconf 74' lang='lat' dir='ltr'><strong>AMORE.</strong></span> 
     </span>
    </p>
   </div>
   <div class='ocr_carea' id='block_1_9' title="bbox 408 2347 2274 2806">
    <p class='ocr_par' dir='ltr' id='par_1_9' title="bbox 408 2347 2274 2806">
     <span class='ocr_line' id='line_1_16' title="bbox 482 2347 2268 2423; baseline -0.007 -16"><span class='ocrx_word' id='word_1_115' title='bbox 482 2351 783 2423; x_wconf 84' lang='lat' dir='ltr'><strong>Hucusque</strong></span> <span class='ocrx_word' id='word_1_116' title='bbox 820 2350 955 2406; x_wconf 80' lang='lat' dir='ltr'><strong>satis</strong></span> <span class='ocrx_word' id='word_1_117' title='bbox 992 2349 1298 2404; x_wconf 86' lang='lat' dir='ltr'><strong>ostendisse</strong></span> <span class='ocrx_word' id='word_1_118' title='bbox 1337 2348 1495 2404; x_wconf 87' lang='lat' dir='ltr'><strong>nobis</strong></span> <span class='ocrx_word' id='word_1_119' title='bbox 1529 2348 1813 2413; x_wconf 83' lang='lat' dir='ltr'><strong>videmur,</strong></span> <span class='ocrx_word' id='word_1_120' title='bbox 1854 2347 1988 2421; x_wconf 87' lang='lat' dir='ltr'><strong>quid</strong></span> <span class='ocrx_word' id='word_1_121' title='bbox 2039 2347 2110 2403; x_wconf 89' lang='lat' dir='ltr'><strong>sit</strong></span> <span class='ocrx_word' id='word_1_122' title='bbox 2146 2357 2268 2399; x_wconf 74' lang='lat' dir='ltr'><strong>amor</strong></span> 
     </span>
     <span class='ocr_line' id='line_1_17' title="bbox 412 2427 2270 2501; baseline -0.005 -15"><span class='ocrx_word' id='word_1_123' title='bbox 412 2434 599 2486; x_wconf 85' lang='lat' dir='ltr'><strong>noster</strong></span> <span class='ocrx_word' id='word_1_124' title='bbox 652 2447 781 2500; x_wconf 78' lang='lat' dir='ltr'><strong>erga</strong></span> <span class='ocrx_word' id='word_1_125' title='bbox 834 2428 1012 2484; x_wconf 88' lang='lat' dir='ltr'><strong>Deum</strong></span> <span class='ocrx_word' id='word_1_126' title='bbox 1070 2428 1298 2501; x_wconf 83' lang='lat' dir='ltr'><strong>ejusque</strong></span> <span class='ocrx_word' id='word_1_127' title='bbox 1335 2429 1560 2484; x_wconf 81' lang='lat' dir='ltr'><strong>effectus</strong></span> <span class='ocrx_word' id='word_1_128' title='bbox 1598 2427 1720 2485; x_wconf 86' lang='lat' dir='ltr'><strong>scil.</strong></span> <span class='ocrx_word' id='word_1_129' title='bbox 1762 2427 2058 2484; x_wconf 73' lang='lat' dir='ltr'><strong>aeternitas</strong></span> <span class='ocrx_word' id='word_1_130' title='bbox 2093 2428 2270 2480; x_wconf 72' lang='lat' dir='ltr'><strong>nostra</strong></span> 
     </span>
     <span class='ocr_line' id='line_1_18' title="bbox 408 2504 2268 2581; baseline -0.007 -13"><span class='ocrx_word' id='word_1_131' title='bbox 408 2511 505 2568; x_wconf 78' lang='lat' dir='ltr'><strong>Ita</strong></span> <span class='ocrx_word' id='word_1_132' title='bbox 558 2516 622 2566; x_wconf 88' lang='lat' dir='ltr'><strong>ut</strong></span> <span class='ocrx_word' id='word_1_133' title='bbox 660 2527 769 2566; x_wconf 91' lang='lat' dir='ltr'><strong>non</strong></span> <span class='ocrx_word' id='word_1_134' title='bbox 809 2527 1027 2566; x_wconf 87' lang='lat' dir='ltr'><strong>necesse</strong></span> <span class='ocrx_word' id='word_1_135' title='bbox 1065 2510 1331 2566; x_wconf 81' lang='lat' dir='ltr'><strong>ducamus</strong></span> <span class='ocrx_word' id='word_1_136' title='bbox 1367 2507 1577 2581; x_wconf 81' lang='lat' dir='ltr'><strong>aliquid</strong></span> <span class='ocrx_word' id='word_1_137' title='bbox 1619 2509 1687 2563; x_wconf 98' lang='lat' dir='ltr'><strong>de</strong></span> <span class='ocrx_word' id='word_1_138' title='bbox 1726 2507 1852 2564; x_wconf 78' lang='lat' dir='ltr'><strong>aliis</strong></span> <span class='ocrx_word' id='word_1_139' title='bbox 1890 2507 2070 2564; x_wconf 85' lang='lat' dir='ltr'><strong>dicere</strong></span> <span class='ocrx_word' id='word_1_140' title='bbox 2101 2504 2268 2559; x_wconf 74' lang='lat' dir='ltr'><strong>rebus,</strong></span> 
     </span>
     <span class='ocr_line' id='line_1_19' title="bbox 414 2584 2273 2662; baseline -0.004 -18"><span class='ocrx_word' id='word_1_141' title='bbox 414 2590 497 2646; x_wconf 90' lang='lat' dir='ltr'><strong>uti</strong></span> <span class='ocrx_word' id='word_1_142' title='bbox 545 2590 613 2645; x_wconf 88' lang='lat' dir='ltr'><strong>de</strong></span> <span class='ocrx_word' id='word_1_143' title='bbox 662 2591 866 2662; x_wconf 80' lang='lat' dir='ltr'><strong>gaudio</strong></span> <span class='ocrx_word' id='word_1_144' title='bbox 914 2591 973 2644; x_wconf 91' lang='lat' dir='ltr'><strong>in</strong></span> <span class='ocrx_word' id='word_1_145' title='bbox 1023 2589 1175 2656; x_wconf 85' lang='lat' dir='ltr'><strong>Deo,</strong></span> <span class='ocrx_word' id='word_1_146' title='bbox 1235 2588 1405 2645; x_wconf 80' lang='lat' dir='ltr'><strong>animi</strong></span> <span class='ocrx_word' id='word_1_147' title='bbox 1453 2588 1896 2662; x_wconf 79' lang='lat' dir='ltr'><strong>tranquillitate,</strong></span> <span class='ocrx_word' id='word_1_148' title='bbox 1957 2591 2062 2643; x_wconf 89' lang='lat' dir='ltr'><strong>etc</strong></span> <span class='ocrx_word' id='word_1_149' title='bbox 2106 2584 2221 2657; x_wconf 74' lang='lat' dir='ltr'><strong>quia</strong></span> <span class='ocrx_word' id='word_1_150' title='bbox 2249 2597 2273 2631; x_wconf 83' lang='lat' dir='ltr'><strong>e</strong></span> 
     </span>
     <span class='ocr_line' id='line_1_20' title="bbox 412 2658 2274 2744; baseline -0.002 -20"><span class='ocrx_word' id='word_1_151' title='bbox 412 2669 577 2726; x_wconf 85' lang='lat' dir='ltr'><strong>dictis</strong></span> <span class='ocrx_word' id='word_1_152' title='bbox 613 2669 773 2726; x_wconf 81' lang='lat' dir='ltr'><strong>facile</strong></span> <span class='ocrx_word' id='word_1_153' title='bbox 810 2670 1105 2726; x_wconf 86' lang='lat' dir='ltr'><strong>videndum</strong></span> <span class='ocrx_word' id='word_1_154' title='bbox 1143 2675 1260 2736; x_wconf 82' lang='lat' dir='ltr'><strong>est,</strong></span> <span class='ocrx_word' id='word_1_155' title='bbox 1300 2669 1571 2744; x_wconf 87' lang='lat' dir='ltr'><strong>quomodo</strong></span> <span class='ocrx_word' id='word_1_156' title='bbox 1608 2687 1674 2724; x_wconf 78' lang='lat' dir='ltr'><strong>ea</strong></span> <span class='ocrx_word' id='word_1_157' title='bbox 1711 2687 1769 2724; x_wconf 90' lang='lat' dir='ltr'><strong>se</strong></span> <span class='ocrx_word' id='word_1_158' title='bbox 1807 2668 2043 2724; x_wconf 75' lang='lat' dir='ltr'><strong>habeant</strong></span> <span class='ocrx_word' id='word_1_159' title='bbox 2077 2670 2130 2720; x_wconf 85' lang='lat' dir='ltr'><strong>et</strong></span> <span class='ocrx_word' id='word_1_160' title='bbox 2161 2658 2274 2735; x_wconf 76' lang='lat' dir='ltr'><strong>quid</strong></span> 
     </span>
     <span class='ocr_line' id='line_1_21' title="bbox 415 2749 1117 2806; baseline 0 -2"><span class='ocrx_word' id='word_1_161' title='bbox 415 2749 482 2804; x_wconf 89' lang='lat' dir='ltr'><strong>de</strong></span> <span class='ocrx_word' id='word_1_162' title='bbox 520 2750 588 2806; x_wconf 89' lang='lat' dir='ltr'><strong>iis</strong></span> <span class='ocrx_word' id='word_1_163' title='bbox 624 2750 917 2806; x_wconf 87' lang='lat' dir='ltr'><strong>dicendum</strong></span> <span class='ocrx_word' id='word_1_164' title='bbox 954 2754 1117 2805; x_wconf 87' lang='lat' dir='ltr'><strong>esset.</strong></span> 
     </span>
    </p>
   </div>
   <div class='ocr_carea' id='block_1_10' title="bbox 481 2983 2272 3059">
    <p class='ocr_par' dir='ltr' id='par_1_10' title="bbox 481 2983 2272 3059">
     <span class='ocr_line' id='line_1_22' title="bbox 481 2983 2272 3059; baseline -0.004 -19"><span class='ocrx_word' id='word_1_165' title='bbox 481 2985 606 3041; x_wconf 80' lang='lat' dir='ltr'><strong>Jam</strong></span> <span class='ocrx_word' id='word_1_166' title='bbox 661 2986 833 3056; x_wconf 81' lang='lat' dir='ltr'><strong>igitur</strong></span> <span class='ocrx_word' id='word_1_167' title='bbox 882 2985 1181 3041; x_wconf 83' lang='lat' dir='ltr'><strong>videndum</strong></span> <span class='ocrx_word' id='word_1_168' title='bbox 1241 2989 1446 3050; x_wconf 81' lang='lat' dir='ltr'><strong>restat,</strong></span> <span class='ocrx_word' id='word_1_169' title='bbox 1503 3003 1629 3041; x_wconf 83' lang='lat' dir='ltr'><strong>curn</strong></span> <span class='ocrx_word' id='word_1_170' title='bbox 1681 2987 1964 3059; x_wconf 83' lang='lat' dir='ltr'><strong>hucusque</strong></span> <span class='ocrx_word' id='word_1_171' title='bbox 2009 2983 2076 3038; x_wconf 88' lang='lat' dir='ltr'><strong>de</strong></span> <span class='ocrx_word' id='word_1_172' title='bbox 2111 2983 2272 3038; x_wconf 83' lang='lat' dir='ltr'><strong>nostro</strong></span> 
     </span>
    </p>
   </div>
   <div class='ocr_carea' id='block_1_11' title="bbox 2365 1845 2372 2534">
    <p class='ocr_par' dir='ltr' id='par_1_11' title="bbox 2365 1845 2372 2534">
     <span class='ocr_line' id='line_1_23' title="bbox 2365 1845 2372 2534; baseline 0 0"><span class='ocrx_word' id='word_1_173' title='bbox 2365 1845 2372 2534; x_wconf 95' lang='lat' dir='ltr'><strong> </strong></span> 
     </span>
    </p>
   </div>
   <div class='ocr_carea' id='block_1_12' title="bbox 2363 2727 2366 2885">
    <p class='ocr_par' dir='ltr' id='par_1_12' title="bbox 2363 2711 2366 2885">
     <span class='ocr_line' id='line_1_24' title="bbox 2363 2727 2366 2885; baseline 0 0"><span class='ocrx_word' id='word_1_174' title='bbox 2363 2727 2366 2885; x_wconf 65' lang='lat'>4</span> 
     </span>
    </p>
   </div>
   <div class='ocr_carea' id='block_1_13' title="bbox 412 3057 2363 3167">
    <p class='ocr_par' dir='ltr' id='par_1_13' title="bbox 412 3057 2363 3167">
     <span class='ocr_line' id='line_1_25' title="bbox 412 3057 2363 3167; baseline -0.001 -47"><span class='ocrx_word' id='word_1_175' title='bbox 412 3082 541 3136; x_wconf 77' lang='lat' dir='ltr'><strong>erga</strong></span> <span class='ocrx_word' id='word_1_176' title='bbox 576 3063 753 3120; x_wconf 88' lang='lat' dir='ltr'><strong>Deum</strong></span> <span class='ocrx_word' id='word_1_177' title='bbox 790 3083 972 3121; x_wconf 80' lang='lat' dir='ltr'><strong>amore</strong></span> <span class='ocrx_word' id='word_1_178' title='bbox 1009 3066 1342 3131; x_wconf 70' lang='lat' dir='ltr'><strong>dixerimuS,</strong></span> <span class='ocrx_word' id='word_1_179' title='bbox 1385 3085 1456 3124; x_wconf 79' lang='lat' dir='ltr'><strong>an</strong></span> <span class='ocrx_word' id='word_1_180' title='bbox 1486 3068 1654 3123; x_wconf 72' lang='lat' dir='ltr'><strong>etiam</strong></span> <span class='ocrx_word' id='word_1_181' title='bbox 1677 3067 1786 3124; x_wconf 89' lang='lat' dir='ltr'><strong>Dei</strong></span> <span class='ocrx_word' id='word_1_182' title='bbox 1812 3070 1974 3124; x_wconf 85' lang='lat' dir='ltr'><strong>detur</strong></span> <span class='ocrx_word' id='word_1_183' title='bbox 1995 3083 2144 3122; x_wconf 80' lang='lat' dir='ltr'><strong>amor</strong></span> <span class='ocrx_word' id='word_1_184' title='bbox 2161 3077 2271 3132; x_wconf 68' lang='lat' dir='ltr'><strong>erga</strong></span> <span class='ocrx_word' id='word_1_185' title='bbox 2361 3057 2363 3167; x_wconf 47' lang='lat'>&lt;</span> 
     </span>
    </p>
   </div>
  </div>
 </body>
</html>
