2432 3554
1266 180 1344 236 24

425 337 484 393 Si
541 339 690 394 Deus
745 341 927 394 omnia
985 341 1193 394 creavit
1232 359 1339 396 non
1379 342 1613 414 amplius
1650 359 1833 399 creare
1870 347 2068 414 posset.
2140 343 2251 418 Sed

354 417 500 491 quod
557 437 666 492 non
721 420 957 492 amplius
1011 436 1194 476 creare
1240 425 1449 492 posset,
1515 427 1723 493 pugnat
1759 439 1883 478 cum
1918 424 2039 493 ejus
2074 424 2253 478 omni·

354 499 632 570 potentia;
672 517 791 568 erqo
827 529 900 540 --

424 578 590 638 Quod
627 578 697 632 ad
735 580 1002 650 primum,
1044 581 1393 635 comedimus
1432 581 1609 636 Deum
1646 599 1756 635 non
1794 579 2029 652 amplius
2066 598 2252 636 creare

353 674 540 729 posse,
579 662 636 713 et
671 659 816 731 quod
843 659 912 712 ad
938 660 1239 714 secundum
1264 658 1497 714 dicimus
1522 678 1621 715 nos
1646 660 1925 724 confiteri,
1969 662 2074 715 nisi
2098 660 2255 716 Deus

356 755 514 792 omne
551 755 734 794 creare
771 742 955 810 posset
991 738 1136 810 quod
1175 738 1411 794 creabile
1448 743 1559 800 est.
1620 741 1721 795 hoc
1758 757 1883 794 oum
1920 739 2039 810 ejos
2076 742 2255 794 omni·

352 819 598 889 potentia
638 834 913 888 pugnare,
954 818 1048 872 sed
1087 817 1243 872 nullo
1269 819 1427 874 modo
1452 820 1499 874 si
1526 820 1664 875 nihil
1692 825 1875 891 posset
1898 837 2079 876 creare
2105 821 2257 893 quod

353 900 458 954 sibi
512 899 872 964 contradicit,
932 899 1012 954 uti
1050 900 1232 954 dicere
1268 900 1414 971 quod
1452 901 1637 956 omnia
1672 901 1939 956 creaverit
1974 905 2031 955 et
2068 908 2259 956 tamen

349 980 510 1052 plura
564 981 730 1034 etiam
768 995 951 1034 creare
987 981 1190 1050 posset.
1270 979 1432 1034 Certe
1472 980 1645 1035 multo
1682 979 1857 1050 major
1892 980 2154 1050 perfectio
2194 981 2257 1034 in

352 1060 472 1114 Deo
509 1064 630 1124 est,
671 1058 815 1134 quod
855 1059 1038 1113 omnia
1075 1075 1214 1130 quae
1240 1058 1298 1113 in
1324 1059 1613 1116 intellectu
1640 1076 1739 1114 suo
1763 1060 1981 1115 infinito
2007 1060 2252 1120 fuerint.

354 1139 651 1202 creaverit,
691 1155 854 1211 quam
891 1156 1001 1193 non
1039 1138 1341 1203 creaverit,
1380 1141 1467 1193 vel
1505 1156 1785 1211 nunquam
1822 1156 2005 1194 creare
2042 1139 2257 1210 potuis·

357 1223 454 1276 set.
491 1221 604 1274 Gur
625 1224 808 1273 autem
828 1222 914 1274 tot
939 1219 1038 1273 hac
1064 1218 1131 1272 de
1158 1221 1252 1271 re?
1288 1218 1486 1273 Nonne
1511 1237 1577 1274 ex
1603 1219 1707 1272 Dei
1734 1218 2117 1282 omniscientia
2142 1219 2257 1290 ipsi

355 1299 434 1354 sic
471 1302 850 1370 argumentare
887 1297 1116 1352 debent:
1195 1296 1253 1351 Si
1294 1299 1446 1354 Deus
1483 1305 1567 1354 est
1604 1299 1934 1354 omnisciens
1956 1339 1971 1362 ,
2014 1296 2093 1352 nil
2133 1315 2251 1352 am·

351 1377 499 1450 plius
536 1379 675 1434 scire
709 1381 916 1449 potest;
959 1378 1053 1432 sed
1079 1377 1226 1449 quod
1252 1379 1403 1434 Deus
1430 1379 1509 1435 nil
1532 1380 1770 1451 amplius
1798 1379 1992 1440 sciret,
2038 1382 2257 1449 pugnat

351 1475 475 1513 cum
532 1459 862 1529 perfectione
918 1458 1069 1528 ejus:
1127 1475 1249 1528 erqo
1283 1489 1356 1500 —-
1392 1459 1450 1514 Si
1489 1475 1617 1513 vero
1656 1458 1809 1513 Deus
1846 1459 2029 1512 omnia
2064 1457 2126 1511 in
2162 1457 2253 1511 in-

351 1538 580 1594 tellectu
619 1556 718 1593 suo
755 1538 972 1594 infinito
1011 1536 1205 1602 habet,
1246 1554 1347 1592 nec
1382 1556 1451 1593 ex
1477 1537 1693 1592 infinita
1718 1537 1838 1607 ejus
1862 1537 2253 1592 omniscientia

352 1617 510 1688 plura
565 1619 703 1672 scire
757 1618 967 1688 possit,
1029 1633 1126 1672 cur
1180 1617 1353 1686 igitur
1406 1617 1587 1672 dicere
1624 1634 1732 1671 non
1770 1634 2061 1688 possumus
2098 1618 2251 1688 quod

351 1699 513 1751 etiam
553 1696 766 1762 omnia,
823 1714 961 1768 quae
998 1697 1056 1751 in
1093 1695 1381 1751 intellectu
1419 1714 1519 1751 suo
1559 1697 1777 1759 habuit,
1828 1697 2151 1767 produxerit
2190 1703 2249 1752 et

349 1777 612 1845 effecerit,
660 1782 721 1835 ut
757 1782 814 1835 et
849 1780 908 1835 in
947 1785 1144 1835 natura
1178 1776 1479 1833 formaliter
1516 1779 1629 1834 sint
1666 1777 1755 1833 vel
1790 1777 2011 1833 essent-P

423 2253 573 2314 Quia
629 2252 799 2323 igitur
853 2254 1054 2308 scimus
1110 2252 1300 2308 omnia
1355 2252 1518 2308 simul
1562 2269 1681 2307 esse
1716 2252 1776 2307 in
1812 2252 1916 2306 Dei
1956 2251 2257 2307 intellectu

353 2333 596 2397 infinito,
652 2348 752 2387 nec
789 2349 906 2387 esse
943 2349 1162 2388 causam
1201 2350 1301 2387 cur
1339 2350 1508 2388 unum
1548 2334 1698 2404 prius
1736 2331 1823 2387 vei
1863 2332 2046 2402 potius
2083 2349 2259 2403 quam

354 2412 586 2469 alterum
641 2414 965 2476 creavisset,
1029 2415 1085 2466 et
1138 2414 1323 2467 omnia
1361 2431 1471 2468 uno
1506 2414 1767 2486 temporis
1812 2420 2085 2466 momento
2126 2430 2257 2484 pro-

350 2492 547 2547 ducere
581 2493 878 2564 potuisset,
919 2492 1202 2546 videamus
1235 2490 1393 2563 jam,¹
1423 2512 1493 2548 an
1531 2512 1641 2548 non
1678 2497 1872 2549 contra
1909 2494 2055 2563 ipsos
2094 2509 2257 2549 arma

351 2574 606 2629 adhibere
643 2575 946 2645 possimus,
1007 2572 1208 2645 quibus
1245 2577 1437 2629 contra
1474 2590 1573 2627 nos
1612 2577 1872 2634 utuntur,
1929 2576 1985 2625 et
2022 2570 2257 2643 quidem

353 2654 453 2710 hac
491 2653 732 2709 ratione:

423 2734 480 2789 Si
537 2735 688 2789 Deus
747 2749 1027 2804 nunquam
1077 2736 1295 2785 tantum
1332 2749 1513 2787 creare
1552 2735 1760 2803 potest,
1824 2731 1959 2803 quin
1996 2734 2051 2784 et
2089 2730 2259 2801 plura

353 2830 534 2870 creare
586 2817 799 2883 posset,
857 2829 1134 2884 nunquam
1187 2828 1371 2867 creare
1416 2816 1595 2883 potest
1634 2811 1780 2883 quod
1818 2816 1999 2883 potest
2034 2828 2247 2867 creare.

425 2892 529 2947 Sed
569 2891 716 2963 quod
755 2908 936 2947 creare
974 2897 1211 2964 nequeat
1247 2892 1393 2964 quod
1431 2909 1611 2948 creare
1638 2895 1849 2964 potest,
1890 2910 2073 2948 secum
2112 2910 2261 2964 pug-

351 2976 465 3028 nat.
521 2970 668 3041 Ergo
703 3000 776 3012 —
