<?xml version="1.0" encoding="UTF-8"?>
<!DOCTYPE html PUBLIC "-//W3C//DTD XHTML 1.0 Transitional//EN"
    "http://www.w3.org/TR/xhtml1/DTD/xhtml1-transitional.dtd">
<html xmlns="http://www.w3.org/1999/xhtml" xml:lang="en" lang="en">
 <head>
  <title>
</title>
<meta http-equiv="Content-Type" content="text/html;charset=utf-8" />
  <meta name='ocr-system' content='tesseract 3.04.00' />
  <meta name='ocr-capabilities' content='ocr_page ocr_carea ocr_par ocr_line ocrx_word'/>
</head>
<body>
  <div class='ocr_page' id='page_1' title='image "benedictidespin00vlotgoog_0114.png"; bbox 0 0 2432 3554; ppageno 0'>
   <div class='ocr_carea' id='block_1_1' title="bbox 1302 220 1378 278">
    <p class='ocr_par' dir='ltr' id='par_1_1' title="bbox 1302 220 1378 278">
     <span class='ocr_line' id='line_1_1' title="bbox 1302 220 1378 278; baseline 0.026 -2"><span class='ocrx_word' id='word_1_1' title='bbox 1302 220 1378 278; x_wconf 84' lang='lat'><strong>98</strong></span> 
     </span>
    </p>
   </div>
   <div class='ocr_carea' id='block_1_2' title="bbox 394 379 2267 534">
    <p class='ocr_par' dir='ltr' id='par_1_2' title="bbox 394 379 2267 534">
     <span class='ocr_line' id='line_1_2' title="bbox 462 379 2267 454; baseline 0 -18"><span class='ocrx_word' id='word_1_2' title='bbox 462 380 555 436; x_wconf 90' lang='lat' dir='ltr'><strong>Ad</strong></span> <span class='ocrx_word' id='word_1_3' title='bbox 592 380 725 436; x_wconf 84' lang='lat' dir='ltr'><strong>haec</strong></span> <span class='ocrx_word' id='word_1_4' title='bbox 761 381 944 438; x_wconf 85' lang='lat' dir='ltr'><strong>omnia</strong></span> <span class='ocrx_word' id='word_1_5' title='bbox 980 379 1108 436; x_wconf 79' lang='lat' dir='ltr'><strong>vei-o</strong></span> <span class='ocrx_word' id='word_1_6' title='bbox 1146 380 1342 436; x_wconf 82' lang='lat' dir='ltr'><strong>melius</strong></span> <span class='ocrx_word' id='word_1_7' title='bbox 1375 379 1778 452; x_wconf 72' lang='lat' dir='ltr'><strong>intelligenda„</strong></span> <span class='ocrx_word' id='word_1_8' title='bbox 1821 381 2128 453; x_wconf 75' lang='lat' dir='ltr'><strong>exemplum</strong></span> <span class='ocrx_word' id='word_1_9' title='bbox 2159 399 2267 454; x_wconf 84' lang='lat' dir='ltr'><strong>pro-</strong></span> 
     </span>
     <span class='ocr_line' id='line_1_3' title="bbox 394 461 1852 534; baseline -0.001 -18"><span class='ocrx_word' id='word_1_10' title='bbox 394 477 657 532; x_wconf 79' lang='lat' dir='ltr'>ponemus</span> <span class='ocrx_word' id='word_1_11' title='bbox 694 479 760 516; x_wconf 82' lang='lat' dir='ltr'><strong>ex</strong></span> <span class='ocrx_word' id='word_1_12' title='bbox 799 461 989 534; x_wconf 82' lang='lat' dir='ltr'><strong>regula</strong></span> <span class='ocrx_word' id='word_1_13' title='bbox 1026 463 1093 516; x_wconf 91' lang='lat' dir='ltr'><strong>de</strong></span> <span class='ocrx_word' id='word_1_14' title='bbox 1133 461 1310 518; x_wconf 86' lang='lat' dir='ltr'><strong>tribus</strong></span> <span class='ocrx_word' id='word_1_15' title='bbox 1347 465 1620 524; x_wconf 61' lang='lat' dir='ltr'><strong>sumtuum</strong></span> <span class='ocrx_word' id='word_1_16' title='bbox 1661 477 1852 532; x_wconf 81' lang='lat' dir='ltr'><strong>nempe</strong></span> 
     </span>
    </p>
   </div>
   <div class='ocr_carea' id='block_1_3' title="bbox 392 617 2276 1010">
    <p class='ocr_par' dir='ltr' id='par_1_3' title="bbox 392 617 2276 932">
     <span class='ocr_line' id='line_1_4' title="bbox 463 617 2272 691; baseline 0.001 -19"><span class='ocrx_word' id='word_1_17' title='bbox 463 619 517 672; x_wconf 90' lang='lat'><strong>1.</strong></span> <span class='ocrx_word' id='word_1_18' title='bbox 561 617 799 674; x_wconf 82' lang='lat' dir='ltr'><strong>Audivit</strong></span> <span class='ocrx_word' id='word_1_19' title='bbox 836 619 958 690; x_wconf 88' lang='lat' dir='ltr'><strong>quis</strong></span> <span class='ocrx_word' id='word_1_20' title='bbox 1000 618 1403 684; x_wconf 84' lang='lat' dir='ltr'><strong>tantummodo,</strong></span> <span class='ocrx_word' id='word_1_21' title='bbox 1449 618 1624 691; x_wconf 85' lang='lat' dir='ltr'><strong>quod,</strong></span> <span class='ocrx_word' id='word_1_22' title='bbox 1666 619 1762 674; x_wconf 86' lang='lat' dir='ltr'><strong>ubi</strong></span> <span class='ocrx_word' id='word_1_23' title='bbox 1798 619 1858 674; x_wconf 90' lang='lat' dir='ltr'><strong>in</strong></span> <span class='ocrx_word' id='word_1_24' title='bbox 1883 619 2076 690; x_wconf 83' lang='lat' dir='ltr'><strong>regula</strong></span> <span class='ocrx_word' id='word_1_25' title='bbox 2096 619 2160 674; x_wconf 91' lang='lat' dir='ltr'><strong>de</strong></span> <span class='ocrx_word' id='word_1_26' title='bbox 2181 621 2272 676; x_wconf 84' lang='lat' dir='ltr'><strong>tri·</strong></span> 
     </span>
     <span class='ocr_line' id='line_1_5' title="bbox 394 696 2276 770; baseline 0.001 -18"><span class='ocrx_word' id='word_1_27' title='bbox 394 696 497 752; x_wconf 86' lang='lat' dir='ltr'><strong>bus</strong></span> <span class='ocrx_word' id='word_1_28' title='bbox 522 715 781 752; x_wconf 82' lang='lat' dir='ltr'><strong>numerus</strong></span> <span class='ocrx_word' id='word_1_29' title='bbox 819 698 1092 754; x_wconf 83' lang='lat' dir='ltr'><strong>secundus</strong></span> <span class='ocrx_word' id='word_1_30' title='bbox 1130 716 1256 754; x_wconf 88' lang='lat' dir='ltr'><strong>cum</strong></span> <span class='ocrx_word' id='word_1_31' title='bbox 1295 698 1462 753; x_wconf 87' lang='lat' dir='ltr'><strong>tertio</strong></span> <span class='ocrx_word' id='word_1_32' title='bbox 1488 697 1936 769; x_wconf 68' lang='lat' dir='ltr'>multiplicatur,</span> <span class='ocrx_word' id='word_1_33' title='bbox 1975 703 2034 757; x_wconf 81' lang='lat' dir='ltr'><strong>et</strong></span> <span class='ocrx_word' id='word_1_34' title='bbox 2069 699 2276 770; x_wconf 67' lang='lat' dir='ltr'><strong>hic&#39;per</strong></span> 
     </span>
     <span class='ocr_line' id='line_1_6' title="bbox 392 776 2276 850; baseline 0.003 -20"><span class='ocrx_word' id='word_1_35' title='bbox 392 776 629 848; x_wconf 85' lang='lat' dir='ltr'><strong>primum</strong></span> <span class='ocrx_word' id='word_1_36' title='bbox 682 776 981 840; x_wconf 84' lang='lat' dir='ltr'><strong>dividitur,</strong></span> <span class='ocrx_word' id='word_1_37' title='bbox 1022 782 1254 850; x_wconf 87' lang='lat' dir='ltr'><strong>quartus</strong></span> <span class='ocrx_word' id='word_1_38' title='bbox 1311 793 1570 832; x_wconf 85' lang='lat' dir='ltr'><strong>numerus</strong></span> <span class='ocrx_word' id='word_1_39' title='bbox 1623 777 1972 844; x_wconf 83' lang='lat' dir='ltr'><strong>inveniatur,</strong></span> <span class='ocrx_word' id='word_1_40' title='bbox 2015 779 2108 850; x_wconf 77' lang='lat' dir='ltr'><strong>qui</strong></span> <span class='ocrx_word' id='word_1_41' title='bbox 2143 778 2276 850; x_wconf 70' lang='lat' dir='ltr'><strong>ejus-</strong></span> 
     </span>
     <span class='ocr_line' id='line_1_7' title="bbox 393 857 2258 932; baseline 0.002 -20"><span class='ocrx_word' id='word_1_42' title='bbox 393 857 515 912; x_wconf 90' lang='lat' dir='ltr'><strong>dem</strong></span> <span class='ocrx_word' id='word_1_43' title='bbox 553 858 1081 930; x_wconf 79' lang='lat' dir='ltr'><strong>proportionalitatis</strong></span> <span class='ocrx_word' id='word_1_44' title='bbox 1120 859 1189 912; x_wconf 82' lang='lat' dir='ltr'><strong>ad</strong></span> <span class='ocrx_word' id='word_1_45' title='bbox 1230 859 1458 914; x_wconf 90' lang='lat' dir='ltr'><strong>tertium</strong></span> <span class='ocrx_word' id='word_1_46' title='bbox 1496 876 1560 916; x_wconf 86' lang='lat' dir='ltr'><strong>ae</strong></span> <span class='ocrx_word' id='word_1_47' title='bbox 1596 859 1870 916; x_wconf 82' lang='lat' dir='ltr'><strong>secundus</strong></span> <span class='ocrx_word' id='word_1_48' title='bbox 1905 861 1978 916; x_wconf 86' lang='lat' dir='ltr'><strong>ad</strong></span> <span class='ocrx_word' id='word_1_49' title='bbox 2014 861 2258 932; x_wconf 77' lang='lat' dir='ltr'><strong>primum.</strong></span> 
     </span>
    </p>

    <p class='ocr_par' dir='ltr' id='par_1_4' title="bbox 462 937 2276 1010">
     <span class='ocr_line' id='line_1_8' title="bbox 462 937 2276 1010; baseline 0.001 -17"><span class='ocrx_word' id='word_1_50' title='bbox 462 938 537 994; x_wconf 86' lang='lat' dir='ltr'><strong>Et</strong></span> <span class='ocrx_word' id='word_1_51' title='bbox 572 954 901 1010; x_wconf 86' lang='lat' dir='ltr'><strong>quamquam</strong></span> <span class='ocrx_word' id='word_1_52' title='bbox 936 937 985 992; x_wconf 86' lang='lat' dir='ltr'><strong>is</strong></span> <span class='ocrx_word' id='word_1_53' title='bbox 1021 937 1117 1010; x_wconf 89' lang='lat' dir='ltr'><strong>qui</strong></span> <span class='ocrx_word' id='word_1_54' title='bbox 1155 937 1256 993; x_wconf 89' lang='lat' dir='ltr'><strong>hoc</strong></span> <span class='ocrx_word' id='word_1_55' title='bbox 1291 937 1400 1010; x_wconf 86' lang='lat' dir='ltr'><strong>ipsi</strong></span> <span class='ocrx_word' id='word_1_56' title='bbox 1437 937 1518 992; x_wconf 85' lang='lat' dir='ltr'><strong>ita</strong></span> <span class='ocrx_word' id='word_1_57' title='bbox 1553 938 1868 1009; x_wconf 80' lang='lat' dir='ltr'><strong>proposuit,</strong></span> <span class='ocrx_word' id='word_1_58' title='bbox 1908 939 2140 997; x_wconf 65' lang='lat' dir='ltr'><strong>,mentire</strong></span> <span class='ocrx_word' id='word_1_59' title='bbox 2160 947 2276 1010; x_wconf 67' lang='lat' dir='ltr'><strong>pot-</strong></span> 
     </span>
    </p>
   </div>
   <div class='ocr_carea' id='block_1_4' title="bbox 393 997 2396 1090">
    <p class='ocr_par' dir='ltr' id='par_1_5' title="bbox 393 997 2396 1090">
     <span class='ocr_line' id='line_1_9' title="bbox 393 997 2396 1090; baseline 0.001 -18"><span class='ocrx_word' id='word_1_60' title='bbox 393 1019 507 1082; x_wconf 87' lang='lat' dir='ltr'><strong>set,</strong></span> <span class='ocrx_word' id='word_1_61' title='bbox 572 1016 810 1072; x_wconf 85' lang='lat' dir='ltr'><strong>laborem</strong></span> <span class='ocrx_word' id='word_1_62' title='bbox 866 1034 1025 1072; x_wconf 78' lang='lat' dir='ltr'><strong>suum</strong></span> <span class='ocrx_word' id='word_1_63' title='bbox 1076 1021 1262 1074; x_wconf 85' lang='lat' dir='ltr'><strong>tamen</strong></span> <span class='ocrx_word' id='word_1_64' title='bbox 1297 1035 1362 1072; x_wconf 86' lang='lat' dir='ltr'><strong>ea</strong></span> <span class='ocrx_word' id='word_1_65' title='bbox 1397 1019 1610 1074; x_wconf 89' lang='lat' dir='ltr'><strong>ratione</strong></span> <span class='ocrx_word' id='word_1_66' title='bbox 1646 1019 1922 1083; x_wconf 79' lang='lat' dir='ltr'><strong>instituit,</strong></span> <span class='ocrx_word' id='word_1_67' title='bbox 1979 1018 2142 1090; x_wconf 85' lang='lat' dir='ltr'><strong>idque</strong></span> <span class='ocrx_word' id='word_1_68' title='bbox 2175 1038 2280 1074; x_wconf 78' lang='lat' dir='ltr'><strong>ma·</strong></span> <span class='ocrx_word' id='word_1_69' title='bbox 2387 997 2396 1084; x_wconf 57' lang='lat' dir='ltr'>J</span> 
     </span>
    </p>
   </div>
   <div class='ocr_carea' id='block_1_5' title="bbox 387 1094 2282 1171">
    <p class='ocr_par' dir='ltr' id='par_1_6' title="bbox 387 1094 2282 1171">
     <span class='ocr_line' id='line_1_10' title="bbox 387 1094 2282 1171; baseline 0.003 -21"><span class='ocrx_word' id='word_1_70' title='bbox 387 1095 561 1165; x_wconf 87' lang='lat' dir='ltr'><strong>jorem</strong></span> <span class='ocrx_word' id='word_1_71' title='bbox 600 1094 971 1166; x_wconf 85' lang='lat' dir='ltr'><strong>cognitionem</strong></span> <span class='ocrx_word' id='word_1_72' title='bbox 1008 1097 1230 1168; x_wconf 83' lang='lat' dir='ltr'><strong>regulae</strong></span> <span class='ocrx_word' id='word_1_73' title='bbox 1271 1097 1432 1154; x_wconf 79' lang='lat' dir='ltr'><strong>istius</strong></span> <span class='ocrx_word' id='word_1_74' title='bbox 1459 1097 1526 1151; x_wconf 89' lang='lat' dir='ltr'><strong>de</strong></span> <span class='ocrx_word' id='word_1_75' title='bbox 1553 1096 1732 1152; x_wconf 87' lang='lat' dir='ltr'><strong>tribus</strong></span> <span class='ocrx_word' id='word_1_76' title='bbox 1755 1115 1866 1153; x_wconf 85' lang='lat' dir='ltr'><strong>non</strong></span> <span class='ocrx_word' id='word_1_77' title='bbox 1901 1098 2282 1171; x_wconf 72' lang='lat' dir='ltr'><strong>habensqm</strong></span> 
     </span>
    </p>
   </div>
   <div class='ocr_carea' id='block_1_6' title="bbox 392 1173 2280 1248">
    <p class='ocr_par' dir='ltr' id='par_1_7' title="bbox 392 1167 2396 1254">
     <span class='ocr_line' id='line_1_11' title="bbox 392 1173 2280 1248; baseline 0.005 -18"><span class='ocrx_word' id='word_1_78' title='bbox 392 1192 588 1230; x_wconf 87' lang='lat' dir='ltr'><strong>caecus</strong></span> <span class='ocrx_word' id='word_1_79' title='bbox 643 1173 841 1230; x_wconf 87' lang='lat' dir='ltr'><strong>habeat</strong></span> <span class='ocrx_word' id='word_1_80' title='bbox 882 1175 1147 1232; x_wconf 89' lang='lat' dir='ltr'><strong>colorum.</strong></span> <span class='ocrx_word' id='word_1_81' title='bbox 1227 1175 1301 1230; x_wconf 84' lang='lat' dir='ltr'><strong>Et</strong></span> <span class='ocrx_word' id='word_1_82' title='bbox 1339 1176 1418 1233; x_wconf 86' lang='lat' dir='ltr'><strong>sic</strong></span> <span class='ocrx_word' id='word_1_83' title='bbox 1455 1177 1638 1232; x_wconf 81' lang='lat' dir='ltr'><strong>omnia</strong></span> <span class='ocrx_word' id='word_1_84' title='bbox 1676 1195 1816 1248; x_wconf 84' lang='lat' dir='ltr'><strong>quae</strong></span> <span class='ocrx_word' id='word_1_85' title='bbox 1853 1177 1922 1232; x_wconf 91' lang='lat' dir='ltr'><strong>de</strong></span> <span class='ocrx_word' id='word_1_86' title='bbox 1957 1180 2280 1239; x_wconf 58' lang='lat' dir='ltr'><strong>‹ac-dixerit,</strong></span> 
     </span>
    </p>
   </div>
   <div class='ocr_carea' id='block_1_7' title="bbox 394 1255 1692 1327">
    <p class='ocr_par' dir='ltr' id='par_1_8' title="bbox 394 1255 1692 1327">
     <span class='ocr_line' id='line_1_12' title="bbox 394 1255 1692 1327; baseline -0.002 -15"><span class='ocrx_word' id='word_1_87' title='bbox 394 1255 657 1326; x_wconf 81' lang='lat' dir='ltr'><strong>garrivit,</strong></span> <span class='ocrx_word' id='word_1_88' title='bbox 698 1255 780 1310; x_wconf 88' lang='lat' dir='ltr'><strong>uti</strong></span> <span class='ocrx_word' id='word_1_89' title='bbox 820 1256 1087 1326; x_wconf 82' lang='lat' dir='ltr'><strong>psittacus</strong></span> <span class='ocrx_word' id='word_1_90' title='bbox 1126 1274 1189 1310; x_wconf 90' lang='lat' dir='ltr'><strong>ea</strong></span> <span class='ocrx_word' id='word_1_91' title='bbox 1226 1273 1366 1327; x_wconf 85' lang='lat' dir='ltr'><strong>quae</strong></span> <span class='ocrx_word' id='word_1_92' title='bbox 1403 1256 1692 1313; x_wconf 79' lang='lat' dir='ltr'><strong>addidicit.</strong></span> 
     </span>
    </p>
   </div>
   <div class='ocr_carea' id='block_1_8' title="bbox 394 1571 2394 1728">
    <p class='ocr_par' dir='ltr' id='par_1_9' title="bbox 394 1571 2394 1728">
     <span class='ocr_line' id='line_1_13' title="bbox 469 1571 2394 1644; baseline 0.001 -18"><span class='ocrx_word' id='word_1_93' title='bbox 469 1572 517 1628; x_wconf 78' lang='lat'><strong>2.</strong></span> <span class='ocrx_word' id='word_1_94' title='bbox 556 1571 749 1636; x_wconf 68' lang='lat' dir='ltr'><strong>Alina,</strong></span> <span class='ocrx_word' id='word_1_95' title='bbox 790 1572 1067 1628; x_wconf 84' lang='lat' dir='ltr'><strong>celerioris</strong></span> <span class='ocrx_word' id='word_1_96' title='bbox 1104 1576 1328 1644; x_wconf 82' lang='lat' dir='ltr'><strong>captus,</strong></span> <span class='ocrx_word' id='word_1_97' title='bbox 1369 1590 1426 1628; x_wconf 87' lang='lat' dir='ltr'><strong>se</strong></span> <span class='ocrx_word' id='word_1_98' title='bbox 1461 1572 1581 1627; x_wconf 79' lang='lat' dir='ltr'><strong>solo</strong></span> <span class='ocrx_word' id='word_1_99' title='bbox 1613 1573 1830 1630; x_wconf 88' lang='lat' dir='ltr'><strong>dicendi</strong></span> <span class='ocrx_word' id='word_1_100' title='bbox 1857 1574 2052 1629; x_wconf 87' lang='lat' dir='ltr'><strong>auditu</strong></span> <span class='ocrx_word' id='word_1_101' title='bbox 2075 1575 2289 1630; x_wconf 84' lang='lat' dir='ltr'><strong>nonita</strong></span> <span class='ocrx_word' id='word_1_102' title='bbox 2388 1571 2394 1575; x_wconf 63' lang='grc'><em>’</em></span> 
     </span>
     <span class='ocr_line' id='line_1_14' title="bbox 394 1651 2287 1728; baseline 0.004 -22"><span class='ocrx_word' id='word_1_103' title='bbox 394 1653 703 1708; x_wconf 83' lang='lat' dir='ltr'><strong>contentari</strong></span> <span class='ocrx_word' id='word_1_104' title='bbox 758 1652 919 1717; x_wconf 82' lang='lat' dir='ltr'><strong>sinit,</strong></span> <span class='ocrx_word' id='word_1_105' title='bbox 981 1651 1076 1707; x_wconf 86' lang='lat' dir='ltr'><strong>sed</strong></span> <span class='ocrx_word' id='word_1_106' title='bbox 1131 1651 1209 1706; x_wconf 84' lang='lat' dir='ltr'><strong>rei</strong></span> <span class='ocrx_word' id='word_1_107' title='bbox 1265 1654 1572 1724; x_wconf 84' lang='lat' dir='ltr'><strong>periculum</strong></span> <span class='ocrx_word' id='word_1_108' title='bbox 1621 1656 1756 1713; x_wconf 83' lang='lat' dir='ltr'><strong>facit</strong></span> <span class='ocrx_word' id='word_1_109' title='bbox 1792 1657 1851 1710; x_wconf 86' lang='lat' dir='ltr'><strong>in</strong></span> <span class='ocrx_word' id='word_1_110' title='bbox 1889 1657 2287 1728; x_wconf 79' lang='lat' dir='ltr'><strong>computatione</strong></span> 
     </span>
    </p>
   </div>
   <div class='ocr_carea' id='block_1_9' title="bbox 393 1731 2396 1889">
    <p class='ocr_par' dir='ltr' id='par_1_10' title="bbox 393 1731 2396 1889">
     <span class='ocr_line' id='line_1_15' title="bbox 393 1731 2381 1806; baseline 0.004 -21"><span class='ocrx_word' id='word_1_111' title='bbox 393 1731 713 1803; x_wconf 81' lang='lat' dir='ltr'><strong>particulari</strong></span> <span class='ocrx_word' id='word_1_112' title='bbox 751 1735 1019 1804; x_wconf 86' lang='lat' dir='ltr'><strong>quadam,</strong></span> <span class='ocrx_word' id='word_1_113' title='bbox 1077 1731 1376 1806; x_wconf 85' lang='lat' dir='ltr'><strong>vidensque</strong></span> <span class='ocrx_word' id='word_1_114' title='bbox 1413 1733 1566 1791; x_wconf 87' lang='lat' dir='ltr'><strong>illam</strong></span> <span class='ocrx_word' id='word_1_115' title='bbox 1603 1737 1926 1801; x_wconf 83' lang='lat' dir='ltr'><strong>convenire,</strong></span> <span class='ocrx_word' id='word_1_116' title='bbox 1975 1736 2140 1797; x_wconf 73' lang='lat' dir='ltr'><strong>fidem</strong></span> <span class='ocrx_word' id='word_1_117' title='bbox 2178 1738 2284 1796; x_wconf 66' lang='lat' dir='ltr'><strong>dat.</strong></span> <span class='ocrx_word' id='word_1_118' title='bbox 2379 1782 2381 1784; x_wconf 88' lang='lat'>.</span> 
     </span>
     <span class='ocr_line' id='line_1_16' title="bbox 397 1810 2396 1889; baseline 0.003 -23"><span class='ocrx_word' id='word_1_119' title='bbox 397 1810 571 1867; x_wconf 85' lang='lat' dir='ltr'><strong>Recte</strong></span> <span class='ocrx_word' id='word_1_120' title='bbox 628 1816 813 1867; x_wconf 83' lang='lat' dir='ltr'><strong>autem</strong></span> <span class='ocrx_word' id='word_1_121' title='bbox 864 1812 1105 1867; x_wconf 81' lang='lat' dir='ltr'><strong>diximus</strong></span> <span class='ocrx_word' id='word_1_122' title='bbox 1143 1817 1199 1867; x_wconf 89' lang='lat' dir='ltr'><strong>et</strong></span> <span class='ocrx_word' id='word_1_123' title='bbox 1237 1813 1380 1870; x_wconf 90' lang='lat' dir='ltr'><strong>hunc</strong></span> <span class='ocrx_word' id='word_1_124' title='bbox 1419 1814 1588 1871; x_wconf 84' lang='lat' dir='ltr'><strong>errori</strong></span> <span class='ocrx_word' id='word_1_125' title='bbox 1628 1816 1940 1885; x_wconf 81' lang='lat' dir='ltr'><strong>subjectum</strong></span> <span class='ocrx_word' id='word_1_126' title='bbox 1975 1832 2123 1881; x_wconf 78' lang='lat' dir='ltr'><strong>esse3</strong></span> <span class='ocrx_word' id='word_1_127' title='bbox 2163 1835 2287 1889; x_wconf 81' lang='lat' dir='ltr'><strong>quo·</strong></span> <span class='ocrx_word' id='word_1_128' title='bbox 2384 1868 2396 1881; x_wconf 80' lang='grc'><strong>,,</strong></span> 
     </span>
    </p>
   </div>
   <div class='ocr_carea' id='block_1_10' title="bbox 395 1891 2396 2045">
    <p class='ocr_par' dir='ltr' id='par_1_11' title="bbox 395 1882 2396 2045">
     <span class='ocr_line' id='line_1_17' title="bbox 396 1891 2290 1967; baseline 0.004 -23"><span class='ocrx_word' id='word_1_129' title='bbox 396 1891 556 1946; x_wconf 91' lang='lat' dir='ltr'><strong>modo</strong></span> <span class='ocrx_word' id='word_1_130' title='bbox 613 1893 759 1947; x_wconf 89' lang='lat' dir='ltr'><strong>enim</strong></span> <span class='ocrx_word' id='word_1_131' title='bbox 814 1892 1016 1949; x_wconf 86' lang='lat' dir='ltr'><strong>certior</strong></span> <span class='ocrx_word' id='word_1_132' title='bbox 1054 1910 1171 1947; x_wconf 88' lang='lat' dir='ltr'><strong>esse</strong></span> <span class='ocrx_word' id='word_1_133' title='bbox 1208 1896 1420 1963; x_wconf 79' lang='lat' dir='ltr'><strong>potest,</strong></span> <span class='ocrx_word' id='word_1_134' title='bbox 1481 1896 1912 1966; x_wconf 85' lang='lat' dir='ltr'><strong>experimentum</strong></span> <span class='ocrx_word' id='word_1_135' title='bbox 1947 1897 2290 1967; x_wconf 64' lang='lat' dir='ltr'><strong>particularis</strong></span> 
     </span>
     <span class='ocr_line' id='line_1_18' title="bbox 395 1968 2396 2045; baseline 0.004 -20"><span class='ocrx_word' id='word_1_136' title='bbox 395 1968 681 2041; x_wconf 86' lang='lat' dir='ltr'><strong>cujusdam</strong></span> <span class='ocrx_word' id='word_1_137' title='bbox 718 1972 797 2027; x_wconf 86' lang='lat' dir='ltr'><strong>rei</strong></span> <span class='ocrx_word' id='word_1_138' title='bbox 834 1971 1079 2027; x_wconf 89' lang='lat' dir='ltr'><strong>omnium</strong></span> <span class='ocrx_word' id='word_1_139' title='bbox 1114 1971 1165 2029; x_wconf 86' lang='lat' dir='ltr'><strong>ei</strong></span> <span class='ocrx_word' id='word_1_140' title='bbox 1202 1972 1446 2045; x_wconf 86' lang='lat' dir='ltr'><strong>regulam</strong></span> <span class='ocrx_word' id='word_1_141' title='bbox 1484 1975 1740 2032; x_wconf 86' lang='lat' dir='ltr'><strong>futuram.</strong></span> <span class='ocrx_word' id='word_1_142' title='bbox 2393 1980 2396 1984; x_wconf 76' lang='grc'>’</span> 
     </span>
    </p>
   </div>
   <div class='ocr_carea' id='block_1_11' title="bbox 468 2209 2291 2285">
    <p class='ocr_par' dir='ltr' id='par_1_12' title="bbox 468 2189 2388 2285">
     <span class='ocr_line' id='line_1_19' title="bbox 468 2209 2291 2285; baseline 0.001 -20"><span class='ocrx_word' id='word_1_143' title='bbox 468 2211 517 2266; x_wconf 88' lang='lat'><strong>3.</strong></span> <span class='ocrx_word' id='word_1_144' title='bbox 554 2209 774 2265; x_wconf 83' lang='lat' dir='ltr'><strong>Tertius</strong></span> <span class='ocrx_word' id='word_1_145' title='bbox 825 2227 925 2265; x_wconf 89' lang='lat' dir='ltr'><strong>nec</strong></span> <span class='ocrx_word' id='word_1_146' title='bbox 962 2211 1195 2277; x_wconf 81' lang='lat' dir='ltr'><strong>auditu,</strong></span> <span class='ocrx_word' id='word_1_147' title='bbox 1253 2213 1452 2285; x_wconf 89' lang='lat' dir='ltr'><strong>quippe</strong></span> <span class='ocrx_word' id='word_1_148' title='bbox 1508 2212 1728 2279; x_wconf 82' lang='lat' dir='ltr'><strong>fallaci,</strong></span> <span class='ocrx_word' id='word_1_149' title='bbox 1787 2230 1890 2269; x_wconf 87' lang='lat' dir='ltr'><strong>nec</strong></span> <span class='ocrx_word' id='word_1_150' title='bbox 1925 2214 2291 2284; x_wconf 83' lang='lat' dir='ltr'><strong>experimento</strong></span> 
     </span>
    </p>
   </div>
   <div class='ocr_carea' id='block_1_12' title="bbox 396 2289 2396 2533">
    <p class='ocr_par' dir='ltr' id='par_1_13' title="bbox 396 2289 2396 2533">
     <span class='ocr_line' id='line_1_20' title="bbox 397 2289 2292 2365; baseline 0.003 -21"><span class='ocrx_word' id='word_1_151' title='bbox 397 2289 751 2362; x_wconf 86' lang='lat' dir='ltr'><strong>particulari,</strong></span> <span class='ocrx_word' id='word_1_152' title='bbox 792 2291 991 2363; x_wconf 87' lang='lat' dir='ltr'><strong>quippe</strong></span> <span class='ocrx_word' id='word_1_153' title='bbox 1030 2291 1175 2364; x_wconf 89' lang='lat' dir='ltr'><strong>quod</strong></span> <span class='ocrx_word' id='word_1_154' title='bbox 1212 2294 1456 2347; x_wconf 89' lang='lat' dir='ltr'><strong>omnium</strong></span> <span class='ocrx_word' id='word_1_155' title='bbox 1493 2293 1682 2364; x_wconf 84' lang='lat' dir='ltr'><strong>regula</strong></span> <span class='ocrx_word' id='word_1_156' title='bbox 1717 2311 1834 2349; x_wconf 82' lang='lat' dir='ltr'><strong>esse</strong></span> <span class='ocrx_word' id='word_1_157' title='bbox 1861 2298 2134 2365; x_wconf 82' lang='lat' dir='ltr'><strong>nequeat,</strong></span> <span class='ocrx_word' id='word_1_158' title='bbox 2171 2309 2292 2349; x_wconf 80' lang='lat' dir='ltr'><strong>con·</strong></span> 
     </span>
     <span class='ocr_line' id='line_1_21' title="bbox 396 2371 2290 2444; baseline 0.002 -19"><span class='ocrx_word' id='word_1_159' title='bbox 396 2374 614 2435; x_wconf 88' lang='lat' dir='ltr'><strong>tentus,</strong></span> <span class='ocrx_word' id='word_1_160' title='bbox 654 2386 837 2427; x_wconf 86' lang='lat' dir='ltr'><strong>veram</strong></span> <span class='ocrx_word' id='word_1_161' title='bbox 874 2371 1141 2427; x_wconf 86' lang='lat' dir='ltr'><strong>rationem</strong></span> <span class='ocrx_word' id='word_1_162' title='bbox 1179 2372 1490 2443; x_wconf 82' lang='lat' dir='ltr'><strong>experitur,</strong></span> <span class='ocrx_word' id='word_1_163' title='bbox 1531 2389 1669 2444; x_wconf 81' lang='lat' dir='ltr'><strong>quae</strong></span> <span class='ocrx_word' id='word_1_164' title='bbox 1709 2373 1844 2428; x_wconf 79' lang='lat' dir='ltr'><strong>bene</strong></span> <span class='ocrx_word' id='word_1_165' title='bbox 1870 2372 2120 2429; x_wconf 82' lang='lat' dir='ltr'><strong>adhibita</strong></span> <span class='ocrx_word' id='word_1_166' title='bbox 2149 2392 2290 2431; x_wconf 81' lang='lat' dir='ltr'><strong>nua-</strong></span> 
     </span>
     <span class='ocr_line' id='line_1_22' title="bbox 398 2449 2396 2533; baseline 0.003 -29"><span class='ocrx_word' id='word_1_167' title='bbox 398 2468 559 2522; x_wconf 87' lang='lat' dir='ltr'><strong>quam</strong></span> <span class='ocrx_word' id='word_1_168' title='bbox 596 2449 812 2505; x_wconf 86' lang='lat' dir='ltr'><strong>fefellit.</strong></span> <span class='ocrx_word' id='word_1_169' title='bbox 872 2450 1025 2508; x_wconf 85' lang='lat' dir='ltr'><strong>Haec</strong></span> <span class='ocrx_word' id='word_1_170' title='bbox 1063 2452 1234 2523; x_wconf 85' lang='lat' dir='ltr'><strong>igitur</strong></span> <span class='ocrx_word' id='word_1_171' title='bbox 1271 2452 1320 2506; x_wconf 84' lang='lat' dir='ltr'><strong>ei</strong></span> <span class='ocrx_word' id='word_1_172' title='bbox 1347 2452 1485 2508; x_wconf 89' lang='lat' dir='ltr'><strong>dicit</strong></span> <span class='ocrx_word' id='word_1_173' title='bbox 1512 2469 1652 2516; x_wconf 90' lang='lat' dir='ltr'><strong>rem,</strong></span> <span class='ocrx_word' id='word_1_174' title='bbox 1695 2470 2041 2509; x_wconf 86' lang='lat' dir='ltr'><strong>numerorum</strong></span> <span class='ocrx_word' id='word_1_175' title='bbox 2067 2468 2292 2525; x_wconf 78' lang='lat' dir='ltr'><strong>proper·</strong></span> <span class='ocrx_word' id='word_1_176' title='bbox 2381 2510 2396 2533; x_wconf 39' lang='lat'><strong>„¹</strong></span> 
     </span>
    </p>
   </div>
   <div class='ocr_carea' id='block_1_13' title="bbox 397 2530 2396 2665">
    <p class='ocr_par' dir='ltr' id='par_1_14' title="bbox 397 2530 2396 2665">
     <span class='ocr_line' id='line_1_23' title="bbox 397 2530 2396 2610; baseline 0.003 -26"><span class='ocrx_word' id='word_1_177' title='bbox 397 2530 728 2587; x_wconf 86' lang='lat' dir='ltr'><strong>tionalitatis</strong></span> <span class='ocrx_word' id='word_1_178' title='bbox 763 2548 957 2595; x_wconf 85' lang='lat' dir='ltr'><strong>causa,</strong></span> <span class='ocrx_word' id='word_1_179' title='bbox 1002 2530 1081 2587; x_wconf 88' lang='lat' dir='ltr'><strong>ita</strong></span> <span class='ocrx_word' id='word_1_180' title='bbox 1119 2548 1175 2587; x_wconf 83' lang='lat' dir='ltr'><strong>se</strong></span> <span class='ocrx_word' id='word_1_181' title='bbox 1201 2531 1426 2597; x_wconf 85' lang='lat' dir='ltr'><strong>habere,</strong></span> <span class='ocrx_word' id='word_1_182' title='bbox 1467 2548 1568 2587; x_wconf 88' lang='lat' dir='ltr'><strong>nec</strong></span> <span class='ocrx_word' id='word_1_183' title='bbox 1592 2532 1754 2587; x_wconf 87' lang='lat' dir='ltr'><strong>aliter</strong></span> <span class='ocrx_word' id='word_1_184' title='bbox 1779 2550 1896 2589; x_wconf 80' lang='lat' dir='ltr'><strong>esse</strong></span> <span class='ocrx_word' id='word_1_185' title='bbox 1922 2534 2174 2605; x_wconf 74' lang='lat' dir='ltr'><strong>potuisse</strong></span> <span class='ocrx_word' id='word_1_186' title='bbox 2201 2550 2296 2591; x_wconf 80' lang='lat' dir='ltr'><strong>nec</strong></span> <span class='ocrx_word' id='word_1_187' title='bbox 2379 2538 2396 2610; x_wconf 55' lang='lat' dir='ltr'><strong>&#39;j</strong></span> 
     </span>
     <span class='ocr_line' id='line_1_24' title="bbox 404 2610 2396 2665; baseline 0.003 -2"><span class='ocrx_word' id='word_1_188' title='bbox 404 2610 663 2665; x_wconf 84' lang='lat' dir='ltr'><strong>futuram.</strong></span> <span class='ocrx_word' id='word_1_189' title='bbox 2371 2614 2396 2631; x_wconf 67' lang='lat'><strong>&#39;⁴</strong></span> 
     </span>
    </p>
   </div>
   <div class='ocr_carea' id='block_1_14' title="bbox 401 2832 2396 3005">
    <p class='ocr_par' dir='ltr' id='par_1_15' title="bbox 401 2832 2396 3005">
     <span class='ocr_line' id='line_1_25' title="bbox 469 2832 2396 2929; baseline -0.004 -18"><span class='ocrx_word' id='word_1_190' title='bbox 469 2852 523 2903; x_wconf 77' lang='lat'><strong>4·</strong></span> <span class='ocrx_word' id='word_1_191' title='bbox 554 2850 803 2909; x_wconf 78' lang='lat' dir='ltr'><strong>Quartus</strong></span> <span class='ocrx_word' id='word_1_192' title='bbox 828 2850 1043 2913; x_wconf 88' lang='lat' dir='ltr'><strong>autem,</strong></span> <span class='ocrx_word' id='word_1_193' title='bbox 1072 2848 1444 2921; x_wconf 83' lang='lat' dir='ltr'><strong>cognitionem</strong></span> <span class='ocrx_word' id='word_1_194' title='bbox 1470 2849 1828 2929; x_wconf 84' lang='lat' dir='ltr'><strong>clarissimam</strong></span> <span class='ocrx_word' id='word_1_195' title='bbox 1855 2849 2090 2917; x_wconf 84' lang='lat' dir='ltr'><strong>habens,</strong></span> <span class='ocrx_word' id='word_1_196' title='bbox 2126 2870 2297 2925; x_wconf 81' lang='lat' dir='ltr'><strong>neque</strong></span> <span class='ocrx_word' id='word_1_197' title='bbox 2366 2832 2396 2925; x_wconf 47' lang='grc' dir='ltr'>ῗῖ</span> 
     </span>
     <span class='ocr_line' id='line_1_26' title="bbox 401 2926 2396 3005; baseline -0.001 -22"><span class='ocrx_word' id='word_1_198' title='bbox 401 2926 624 2992; x_wconf 87' lang='lat' dir='ltr'><strong>auditu,</strong></span> <span class='ocrx_word' id='word_1_199' title='bbox 678 2945 854 2999; x_wconf 81' lang='lat' dir='ltr'><strong>neque</strong></span> <span class='ocrx_word' id='word_1_200' title='bbox 886 2927 1288 3001; x_wconf 81' lang='lat' dir='ltr'><strong>experimentO,</strong></span> <span class='ocrx_word' id='word_1_201' title='bbox 1329 2948 1504 3003; x_wconf 85' lang='lat' dir='ltr'><strong>neque</strong></span> <span class='ocrx_word' id='word_1_202' title='bbox 1543 2929 1722 3003; x_wconf 87' lang='lat' dir='ltr'><strong>logica</strong></span> <span class='ocrx_word' id='word_1_203' title='bbox 1757 2948 1894 3002; x_wconf 82' lang='lat' dir='ltr'><strong>opus</strong></span> <span class='ocrx_word' id='word_1_204' title='bbox 1933 2930 2128 2996; x_wconf 83' lang='lat' dir='ltr'><strong>habet,</strong></span> <span class='ocrx_word' id='word_1_205' title='bbox 2169 2932 2296 3005; x_wconf 83' lang='lat' dir='ltr'><strong>quia</strong></span> <span class='ocrx_word' id='word_1_206' title='bbox 2365 2940 2396 3001; x_wconf 24' lang='grc' dir='ltr'><strong>ζ·</strong></span> 
     </span>
    </p>
   </div>
   <div class='ocr_carea' id='block_1_15' title="bbox 398 3008 2396 3115">
    <p class='ocr_par' dir='ltr' id='par_1_16' title="bbox 398 3008 2396 3115">
     <span class='ocr_line' id='line_1_27' title="bbox 398 3008 2396 3115; baseline 0.003 -52"><span class='ocrx_word' id='word_1_207' title='bbox 398 3008 695 3064; x_wconf 85' lang='lat' dir='ltr'><strong>intuitione</strong></span> <span class='ocrx_word' id='word_1_208' title='bbox 732 3026 831 3064; x_wconf 85' lang='lat' dir='ltr'><strong>sua</strong></span> <span class='ocrx_word' id='word_1_209' title='bbox 856 3010 1041 3065; x_wconf 85' lang='lat' dir='ltr'><strong>statim</strong></span> <span class='ocrx_word' id='word_1_210' title='bbox 1066 3008 1634 3081; x_wconf 87' lang='lat' dir='ltr'><strong>proportionalitatem</strong></span> <span class='ocrx_word' id='word_1_211' title='bbox 1659 3010 1718 3068; x_wconf 88' lang='lat' dir='ltr'><strong>in</strong></span> <span class='ocrx_word' id='word_1_212' title='bbox 1741 3010 1991 3071; x_wconf 75' lang='lat' dir='ltr'><strong>omnibus</strong></span> <span class='ocrx_word' id='word_1_213' title='bbox 2015 3018 2296 3085; x_wconf 78' lang='lat' dir='ltr'><strong>computa-</strong></span> <span class='ocrx_word' id='word_1_214' title='bbox 2365 3008 2396 3115; x_wconf 37' lang='lat' dir='ltr'><strong>j:</strong></span> 
     </span>
    </p>
   </div>
  </div>
 </body>
</html>
