2432 3554
1272 189 1349 248 38

359 347 522 404 video
565 347 928 405 substantiam
975 347 1375 420 intelligentem
1422 351 1971 408 communicationem
2016 369 2135 408 non
2184 353 2290 409 ha·

361 431 487 484 bere
543 445 664 484 cum
724 429 1033 484 substantia
1090 433 1317 484 extensa
1366 447 1637 502 unamque
1676 433 1903 488 alteram
1919 431 2291 492 *terminare

360 513 436 567 Et
473 511 518 567 si
556 513 770 583 praeter
807 511 1004 566 haecce
1030 509 1138 564 duo
1168 509 1439 566 attributa
1463 512 1685 566 tertium
1714 512 1893 582 adhuc
1918 529 2124 585 ponere
2154 515 2291 581 viS,

359 591 504 665 quod
560 591 620 646 in
675 591 928 645 omnibus
985 591 1287 662 perfectum
1342 592 1459 655 est,
1508 605 1633 646 ecce
1690 594 1746 646 te
1801 591 2005 662 apertis
2044 595 2289 650 contra-

360 669 694 726 dictionibus
731 668 1011 740 implicas:
1052 685 1173 722 nam
1215 669 1261 724 si
1300 669 1523 724 tertium
1560 669 1700 724 illud
1739 673 1893 726 extra
1930 670 2039 724 duo
2078 672 2292 742 priora

361 752 626 823 ponatur,
685 765 871 803 omnes
927 747 1055 804 illae
1111 749 1161 802 ei
1198 748 1431 803 deerunt
1469 750 1829 822 proprietates
1863 767 2001 822 quae
2040 749 2113 804 ad
2161 751 2291 808 duo

358 830 553 886 haecce
592 828 901 900 pertineam
951 828 1097 902 quod
1135 832 1319 883 tamen
1356 829 1415 884 in
1450 833 1570 884 toto
1606 831 1874 903 quodam,
1916 832 2073 886 extra
2112 833 2289 902 quod

361 911 514 966 nulla
567 925 654 964 res
708 907 935 971 existit,
996 907 1174 964 locum
1232 907 1428 963 habere
1465 909 1672 981 nequit.
1744 908 2036 964 Praeterea
2074 909 2127 962 si
2175 927 2293 966 ens

357 989 500 1045 illud
553 992 609 1042 et
645 986 988 1058 omnipotens
1025 993 1081 1042 et
1117 988 1449 1060 perfectum,
1500 987 1609 1042 tale
1648 988 1755 1042 erit
1790 987 1920 1060 quia
1956 989 2147 1058 ipsum
2194 990 2287 1062 ip-

358 1069 475 1126 sius
512 1084 612 1123 nec
649 1066 801 1122 aliud
839 1066 957 1138 ejus
992 1071 1188 1123 auctor
1220 1066 1363 1130 fain
1424 1071 1669 1123 attamen
1702 1068 1795 1122 ille
1832 1067 2293 1140 omnipotentior

359 1152 534 1215 esset,
569 1148 662 1220 qui
691 1165 746 1202 se
772 1151 1157 1220 praetereaque
1183 1147 1353 1201 alium
1378 1147 1674 1219 producere
1700 1151 1897 1220 posset.
1938 1145 2011 1201 Et
2037 1149 2287 1205 tandem

361 1232 406 1286 si
433 1247 553 1282 eum
583 1225 996 1283 omniscientem
1023 1242 1212 1292 vocas,
1256 1225 1450 1298 seipse
1474 1231 1769 1298 cognoscat
1792 1241 2014 1282 necesse
2040 1231 2133 1282 est
2160 1270 2179 1293 ,
2226 1235 2291 1286 et

360 1307 526 1367 simul
562 1307 857 1364 concedere
895 1305 1060 1362 debes
1097 1307 1183 1362 sui
1222 1307 1591 1378 cognitionem
1616 1307 1789 1362 solam
1814 1307 2076 1362 minorem
2106 1323 2285 1377 esse,

358 1406 523 1464 quam
577 1387 944 1459 cognitionem
999 1386 1084 1442 sui
1140 1403 1262 1442 eum
1320 1385 1552 1441 aliarum
1602 1387 2035 1442 substantiarum
2072 1391 2289 1460 cogni-

359 1471 510 1525 tione
547 1465 932 1538 conjunctam:
970 1483 1110 1538 quae
1146 1467 1331 1521 omnia
1367 1470 1585 1539 apertae
1617 1470 1751 1523 sunt
1776 1465 2283 1528 contradictiones,

359 1551 548 1612 Quare
603 1545 796 1603 Amori
841 1545 1180 1601 consulerem
1226 1565 1283 1602 so
1326 1563 1391 1600 eo
1428 1551 1775 1612 contentato,
1832 1545 1979 1619 quod
2022 1545 2141 1618 ipsi
2192 1553 2289 1606 οε-

360 1629 528 1686 tendo
565 1643 666 1684 nec
701 1625 772 1681 ad
809 1625 920 1681 alia
955 1629 1215 1698 spectare.

431 2028 604 2084 Amor.
664 2026 850 2091 Quid,
892 2044 924 2080 o
963 2026 1192 2080 infame!
1231 2026 1362 2081 mihi
1400 2024 1689 2080 ostendisti
1726 2022 1833 2090 nisi
1872 2040 1900 2077 e
1933 2038 2044 2095 quo
2072 2025 2281 2081 statim

359 2108 628 2183 pernicies
660 2125 778 2162 mea
803 2107 1166 2169 emanaverit;
1207 2106 1403 2179 quodsi
1430 2106 1573 2160 enim
1602 2121 1839 2177 unquam
1864 2118 1989 2159 cum
2016 2118 2083 2157 eo
2108 2105 2278 2178 quod

361 2190 494 2246 mihi
532 2186 852 2249 ostendisti,
910 2202 996 2241 me
1041 2186 1480 2258 conjunxissem,
1522 2186 1707 2240 statim
1746 2202 1830 2237 me
1865 2188 2282 2255 persequentes

357 2268 614 2325 vidissem
643 2266 780 2321 duos
805 2264 1056 2320 inimicos
1081 2266 1295 2336 generis
1322 2262 1543 2320 humani
1560 2307 1575 2329 ‚
1606 2264 1808 2319 Odium
1830 2278 2022 2335 nempe
2044 2266 2107 2317 et
2118 2265 2276 2320 Poe-

363 2346 652 2404 nitentiam
679 2362 942 2417 saepeque
967 2345 1130 2399 etiam
1156 2344 1519 2401 Oblivionem.
1564 2345 1752 2405 Quare
1778 2343 1975 2398 iterum
2002 2342 2072 2397 ad
2100 2344 2280 2400 Rati-

361 2444 520 2482 onem
559 2442 644 2479 me
680 2428 866 2489 verto,
909 2426 970 2479 ut
1005 2425 1292 2480 continuet
1318 2430 1373 2479 et
1400 2424 1559 2480 hosce
1585 2424 1837 2480 inimicos
1862 2426 2045 2479 tacere
2072 2424 2279 2485 faciat.

433 2740 614 2801 Ratio,
680 2738 850 2801 Quod
884 2741 948 2793 tu
985 2738 1158 2811 igitur
1191 2738 1363 2802 dicis,
1402 2757 1435 2796 ο
1472 2740 1787 2813 Cupiditas.
1828 2738 2073 2796 diversas
2102 2742 2282 2797 tevi-

361 2824 489 2879 derc
528 2819 898 2882 substantiaS,
939 2818 1042 2874 hoc
1077 2817 1181 2873 tibi
1218 2817 1342 2875 dico
1380 2820 1579 2877 falsum
1605 2838 1751 2876 esse:
1792 2836 1919 2876 nam
1944 2819 2091 2877 clare
2120 2836 2275 2877 non-

358 2902 467 2960 nisi
505 2915 668 2955 unam
707 2898 938 2955 existere
974 2897 1159 2964 vides,
1200 2916 1341 2971 quae
1378 2918 1472 2972 per
1508 2918 1565 2956 se
1596 2902 1715 2974 ipsa
1756 2900 1948 2957 existit
1982 2900 2271 2956 omnium-

353 3000 462 3059 que
487 2981 718 3037 aliorum
754 2980 1148 3037 attributorum
1185 2980 1559 3053 conservatrix
1594 2985 1695 3038 est.
1732 2980 1791 3036 Si
1817 2996 1947 3035 vero
1972 2979 2277 3051 corporale
