2432 3554
1309 196 1422 254 130

431 357 721 429 Cupiditas
760 362 817 412 et
850 355 1125 419 Laetitis;
1186 355 1256 412 de
1289 356 1516 427 quibus,
1562 357 1764 429 quippe
1796 373 1866 412 ex
1903 375 2081 412 amore
2110 375 2270 429 preve·

426 437 730 499 mentibus.
776 437 1079 492 meminisse
1116 441 1358 510 oportet,
1397 437 1544 510 quod
1583 435 1648 490 de
1688 437 1850 492 hocce
1887 443 2022 494 tune
2044 438 2266 504 diximus.

498 598 601 653 His
636 596 899 652 addemus
934 594 1270 659 Tristitiam,
1328 612 1467 666 quae
1506 612 1573 650 ex
1611 595 1869 666 opinione
1905 595 2134 668 indeque
2164 601 2274 652 nata

429 677 816 746 imaginatione
870 673 1081 736 oritur;
1145 675 1390 746 procedit
1445 674 1589 730 enim
1628 691 1696 730 ex
1734 675 2040 746 privatione
2073 675 2282 745 alicujus

432 757 576 811 boni.
1919 797 1926 804 .

498 837 683 892 Antea
738 834 979 890 diximus
1033 834 1215 890 omnia
1275 851 1412 906 quae
1468 833 1684 904 agimus
1737 834 1959 892 tendere
2011 833 2284 893 debere-ad

429 933 769 990 progressum
821 919 981 986 atque
1020 915 1474 968 emendationem.
1551 913 1724 986 Atqui
1763 920 1972 971 eertum
2007 919 2088 972 est
2103 957 2129 978 ,,
2171 932 2282 970 noS.

428 997 685 1070 quamdiu
723 994 909 1050 tristes
947 1011 1161 1058 sumne,
1202 995 1528 1066 impotentes
1569 1011 1668 1050 nos
1703 994 1930 1050 reddere
1966 995 2036 1052 ad
2073 995 2166 1068 hoe
2199 993 2288 1052 effi-

429 1075 714 1136 ciendum;
738 1091 903 1146 quare
928 1090 1064 1144 opus
1090 1083 1175 1128 est
1198 1091 1297 1130 nos
1321 1091 1358 1127 a
1380 1071 1608 1128 tristitia
1630 1073 1878 1128 liberare.
1920 1075 2084 1134 Quod
2105 1073 2291 1146 efficere

431 1171 717 1228 possumus
740 1153 1029 1226 cogitando
1058 1153 1125 1208 de
1152 1153 1371 1216 mediiS,
1411 1153 1699 1216 amissum,
1743 1154 1787 1208 si
1815 1153 1872 1212 in
1900 1159 2160 1224 potestate
2183 1171 2304 1213 uos--

434 1243 517 1291 tra
542 1240 656 1299 est,
685 1234 1069 1306 recuperandi:
1100 1235 1184 1290 sin
1215 1234 1391 1289 minus
1408 1272 1423 1294 ‚
1452 1232 1816 1288 necessarium
1843 1238 2025 1290 tamen
2051 1251 2162 1291 esse
2183 1233 2290 1288 tris·

432 1316 613 1372 titiam
650 1314 867 1368 missam
904 1314 1111 1380 faeere,
1153 1331 1221 1368 ne
1247 1312 1551 1367 incidamus
1576 1312 1633 1368 in
1661 1329 1846 1368 omnes
1871 1314 2008 1370 istas
2033 1315 2292 1370 miserias.

436 1413 571 1468 quas
608 1394 839 1450 tristitia.
868 1392 1171 1448 necessario
1196 1409 1380 1448 secum
1404 1391 1591 1456 ducit:
1634 1395 1926 1464 utrumque
1953 1410 2078 1448 vero
2105 1393 2293 1467 luentia

434 1459 787 1531 efficiendum.
866 1472 1059 1546 Inepte
1116 1473 1262 1530 enim
1315 1477 1398 1526 est
1455 1470 1658 1526 bonum
1714 1471 1856 1526 malo
1912 1473 2213 1531 voluntario
2243 1481 2298 1528 et·
2376 1527 2377 1530 ,

434 1557 653 1626 vigente
692 1553 975 1608 restituere
1014 1551 1153 1606 velle
1192 1559 1356 1624 atque
1394 1551 2156 1608 emendare..
2376 1555 2377 1568 ¹

504 1634 753 1706 Quisque
778 1632 1009 1704 denique
1034 1631 1322 1688 intellectu
1347 1649 1448 1686 suo
1471 1634 1615 1688 reete
1638 1635 1796 1686 utens
1818 1633 1995 1688 Deum
2017 1630 2298 1687 necessario

436 1716 667 1787 primum
704 1729 1027 1785 cognoscere
1052 1711 1247 1779 debet,
1286 1711 1485 1785 quippe
1509 1710 1643 1783 qui,
1685 1711 1766 1766 uti
1794 1710 2290 1768 demonstravimus.

439 1812 707 1853 summum
763 1811 1024 1865 omneque
1080 1794 1153 1849 sit
1190 1793 1419 1857 bonum;
1483 1792 1624 1849 unde
1665 1792 1911 1865 sequitur
1946 1800 2300 1865 quemcunque

439 1874 724 1930 intellectu
762 1891 861 1928 suo
900 1878 1140 1927 utentem
1171 1872 1230 1927 in
1255 1872 1538 1928 tristitiam
1561 1873 1802 1929 incidere
1824 1892 1934 1929 non
1959 1890 2130 1945 posse.
2166 1869 2298 1933 Quid

439 1954 621 2021 enim?
679 1954 737 2009 in
786 1971 849 2008 eo
884 1952 1117 2025 quiescit
1156 1953 1326 2017 bone,
1384 1953 1530 2026 quod
1567 1971 1726 2009 omne
1767 1954 1966 2011 bonum
2001 1958 2142 2019 estu..
2173 1950 2303 2009 etin

438 2051 547 2107 quo
583 2033 761 2089 omnis
798 2032 1009 2089 laetitia
1043 2037 1099 2089 et
1134 2033 1424 2089 suavitatis
1462 2030 1767 2105 plenitudo;
