2432 3554
1293 195 1408 256 150

824 374 1077 430 CAPUT
1113 374 1482 434 DECIMUM
1515 376 1881 434 TERTIUM.

640 533 717 574 ΒΕ
754 533 977 572 FAvoRn
992 555 1009 582 ,
1050 532 1291 576 GRATITU
1299 532 1440 574 DINE
1474 534 1546 574 m·
1581 533 2057 576 INGRATITUDINE.

474 677 641 739 Quod
692 675 763 732 ad
800 675 1035 746 priorem
1073 678 1359 748 utramque
1397 677 1728 748 passionem,
1772 680 1968 735 mentis
2013 677 2254 750 appetitus

408 762 537 817 sunt
574 755 835 828 proximis
872 753 1081 826 aliquid
1120 756 1245 812 boni
1284 757 1616 814 concedendi
1654 762 1818 830 atque
1855 758 2102 815 faciendi.
2139 758 2252 814 Gom
2364 757 2365 764 ’

410 836 667 900 cedendi,
711 835 835 890 dieo
852 877 865 897 ,
908 835 1125 905 quando
1150 836 1200 890 ei
1227 836 1322 908 qui
1345 835 1544 906 bonum
1569 838 1844 909 quoddam
1869 839 2025 902 feeit,
2051 856 2142 893 sua
2161 837 2258 890 viee

406 920 607 976 bonum
644 916 736 977 fit;
778 915 1045 976 faciendi,
1086 915 1240 979 dien,
1277 916 1497 987 quando
1533 917 1638 988 ipsi
1676 917 1888 990 aliquid
1927 919 2116 974 bonum
2139 933 2256 974 asse·

402 997 519 1056 euti
556 1012 761 1052 sumus.

475 1157 821 1224 Quamquam
858 1154 1041 1206 autem
1070 1152 1294 1224 plurimi
1321 1152 1564 1210 homines
1581 1154 1835 1225 judicent
1858 1156 2131 1227 passiones
2143 1154 2256 1208 istas
2367 1173 2369 1184 ·

406 1235 575 1291 bonas
612 1249 755 1294 esse,
798 1231 973 1286 nihilo
1010 1232 1191 1288 minus
1231 1237 1410 1290 tamen
1447 1234 1627 1293 dicere
1665 1235 1839 1292 audeo
1877 1253 1968 1291 eas
1993 1236 2050 1290 in
2070 1232 2260 1290 homine

404 1317 645 1388 perfeeto
682 1313 863 1370 locum
898 1311 1095 1368 habere
1132 1331 1244 1370 non
1281 1331 1456 1385 posse.
1517 1315 1697 1372 Homo
1733 1316 1877 1372 enim
1903 1317 2163 1387 persuetus
2185 1328 2260 1366 ne-

404 1396 658 1454 cessitate
696 1396 911 1448 tantum
948 1392 1207 1466 nullaque
1246 1394 1355 1450 alia
1391 1411 1556 1450 eausa
1583 1399 1861 1460 movetur,
1902 1400 1966 1450 ut
1989 1394 2258 1465 proximum

405 1475 630 1548 adjuvet
654 1493 668 1538 ;
708 1471 1057 1545 quamobrem
1096 1473 1494 1530 scelestissimis
1529 1476 1686 1530 tanto
1713 1474 1884 1546 magis
1907 1475 2193 1546 obligatum
2213 1486 2264 1523 se

408 1559 625 1620 censet,
667 1556 874 1626 quanto
912 1552 1167 1624 majotem
1206 1554 1476 1612 miseriam
1515 1553 1574 1608 in
1609 1553 1680 1608 iis
1717 1553 1905 1610 adesse
1944 1554 2133 1612 videat.

476 1792 828 1869 Ingratitudo
864 1792 1222 1864 gratitudinis
1257 1796 1342 1848 est
1375 1796 1724 1864 contemptus
1759 1792 1847 1849 vel
1883 1793 2156 1855 excussio,
2194 1786 2259 1843 nti

410 1876 751 1951 impudentia
792 1873 1053 1945 pudoris,
1110 1878 1169 1929 et
1206 1874 1308 1931 hoe
1345 1872 1500 1932 nullo
1537 1873 1764 1929 rationis
1800 1876 2076 1944 respectu,
2114 1883 2262 1939 neque
2373 1884 2375 1917 f

407 1957 628 2017 nonnisi
664 1954 731 2011 ab
769 1952 1001 2011 avaritia
1040 1952 1126 2007 vel
1162 1972 1195 2009 a
1234 1954 1397 2009 nimis
1435 1970 1629 2025 magno
1661 1952 1944 2023 suiipsius
1969 1967 2138 2009 amore
2160 1962 2266 2019 pro·

404 2039 635 2100 eedens3
676 2051 845 2107 quare
880 2033 940 2089 in
978 2032 1195 2089 homine
1232 2034 1471 2105 perfeeto
1509 2032 1688 2089 locum
1726 2031 1922 2087 habere
1959 2029 2155 2102 nequit.

796 2501 1047 2557 CAPUT
1094 2501 1466 2561 DECIMUM
1505 2501 1910 2565 QUARTUM.

1028 2677 1106 2715 mi.
1142 2676 1676 2717 comsms‘uonn.

478 2826 761 2881 Postrema
798 2819 1145 2893 passionum,
1202 2820 1270 2874 de
1306 2837 1416 2892 qua
1453 2822 1688 2877 tractare
1725 2818 2012 2879 debemus,
2063 2806 2269 2875 Comini·

406 2906 606 2967 seratio
662 2905 775 2969 est,
832 2916 970 2971 quae
1026 2898 1233 2971 species
1289 2900 1554 2971 quaedam
1610 2898 1869 2955 tristitiae
1919 2897 1984 2951 de
2025 2895 2154 2973 pono
2183 2886 2267 2945 ali·

403 3003 515 3061 quo
552 2982 781 3045 amisse,
840 2978 986 3051 quod
1025 2995 1342 3051 recuperare
1379 2979 1748 3051 desperamur.
1824 2974 2268 3049 Imperfectionem
