2432 3554
1318 201 1396 258 50

409 366 524 426 est,
565 362 660 434 qui
697 379 768 417 ex
801 379 868 417 eo
901 361 972 416 sd
1007 362 1162 416 eliud
1185 378 1387 433 eorpus
1410 363 1629 417 transit.
1670 361 1765 417 Ad
1786 361 1894 418 Dei
1916 366 2099 417 sutem
2126 363 2185 417 is
2212 380 2317 415 no·

413 443 498 498 bis
549 443 730 497 ideam
785 441 1192 514 producendam
1234 441 1393 494 nulla
1426 442 1541 496 alia.
1574 459 1662 496 πω
1696 441 1995 513 singularis
2030 442 2280 513 exigitur
2296 483 2315 504 ,

409 539 550 592 quae
587 522 790 576 habeat
821 523 970 594 quod
1007 522 1066 576 in
1103 521 1265 576 nobis
1300 520 1651 591 producitur:
1692 522 1787 575 sed
1812 521 1925 576 tsle
1948 527 2163 576 tamtum
2192 539 2319 576 eor·

409 619 514 671 pus
549 602 606 657 in
643 605 876 663 natura,
915 602 1076 670 eujus
1111 600 1238 654 ides
1272 615 1411 670 opus
1446 606 1533 656 est
1566 601 1633 654 ad
1674 601 1855 656 Deum
1886 602 2199 658 immediate
2224 619 2321 658 os·

409 683 780 745 tendendum;
842 681 988 753 qued
1043 681 1208 736 etism
1264 697 1335 734 ex
1386 679 1553 736 dietis
1608 681 1743 735 meis
1796 680 2061 736 dedueere
2116 685 2283 751 potes
2300 721 2315 744 .

409 777 532 816 cum
574 762 840 825 dixerim,
879 763 1058 816 Deum
1091 765 1309 814 tantum
1346 778 1418 815 ex
1452 779 1513 814 se
1546 778 1651 816 nee
1684 761 1799 816 alia
1832 761 2065 833 quadem
2098 778 2155 816 te
2180 776 2321 833 eog-

410 846 582 899 nosei.
625 845 750 900 Hoc
784 847 970 897 sutem
993 843 1097 897 tibi
1124 842 1249 896 dieo
1272 858 1404 905 nos,
1442 840 1706 912 quamdiu
1724 841 1903 895 ideam
1929 841 2035 895 Dei
2057 844 2171 894 tam
2200 843 2321 895 dis-

407 925 640 979 tinctam
675 941 788 978 non
831 924 1124 984 habemus,
1161 941 1303 994 quae
1336 938 1439 975 nos
1474 939 1541 976 es
1576 923 1787 976 ratione
1822 938 1949 977 eum
1984 939 2051 976 eo
2076 922 2322 992 eonjun·

407 1007 534 1074 gat,
577 1007 642 1058 ut
677 1021 788 1058 non
827 1004 974 1058 sinat
1007 1021 1108 1058 nos
1141 1003 1307 1057 aliam
1344 1019 1459 1056 rem
1495 1007 1711 1072 praeter
1746 1002 1925 1056 Deum
1954 1019 2167 1065 amare,
2212 1019 2321 1057 nos

407 1084 520 1138 diei
561 1101 670 1137 non
707 1100 866 1154 posse
901 1099 1029 1136 vere
1065 1099 1188 1137 eum
1228 1081 1347 1134 Deo
1382 1081 1711 1150 eonjnnetos
1744 1099 1895 1145 esse,
1938 1087 1996 1135 et
2020 1082 2101 1136 sie
2120 1082 2320 1136 imme-

408 1162 557 1217 diate
593 1163 664 1217 ab
701 1180 766 1217 eo
803 1162 1057 1233 pendere.
1123 1159 1291 1220 Quod
1326 1161 1435 1230 jem
1474 1161 1543 1215 sd
1581 1161 1640 1216 id
1676 1163 1907 1225 attinet,
1946 1163 2091 1232 quod
2128 1161 2321 1217 adhue

407 1259 598 1313 rogare
635 1259 856 1313 posses,
891 1240 1004 1295 alio
1041 1240 1144 1294 hoe
1179 1241 1277 1294 fiat
1310 1243 1581 1310 tempore,
1620 1257 1743 1294 eum
1780 1241 1841 1295 in
1878 1241 2191 1311 praesentis.
2220 1259 2317 1312 op-

411 1322 722 1393 portunitas
753 1321 866 1391 J'sm
905 1320 976 1374 ad
1013 1319 1168 1374 aliud
1203 1319 1339 1390 quid
1374 1337 1460 1374 me
1494 1321 1716 1375 invitet.

483 1718 576 1772 Er.
653 1717 762 1772 Pro
799 1724 1042 1786 tempore
1087 1713 1227 1770 nihil
1264 1714 1499 1787 amplius
1536 1715 1741 1782 habeo,
1796 1717 1855 1770 in
1892 1731 1957 1770 eo
1994 1730 2125 1770 vero
2158 1717 2311 1790 quod

411 1796 692 1869 hueusque
725 1796 856 1851 mihi
881 1796 1103 1861 dixisti,
1143 1813 1229 1849 me
1253 1795 1531 1865 oeeupabo
1556 1796 1625 1850 sd
1652 1796 1964 1852 ulteriorem
1990 1800 2310 1868 opportuni-

409 1882 612 1941 tatem,
655 1876 772 1931 Deo
809 1877 1019 1931 interes
1055 1880 1112 1929 te
1147 1874 1548 1931 commendans.

1035 2189 1285 2246 CAPUT
1320 2189 1689 2247 TERTIUM.

919 2364 1090 2404 nm
1123 2364 1365 2404 omma
1398 2364 1635 2405 cAussu
1670 2364 1817 2407 esse.

485 2512 666 2583 Agere
695 2508 808 2581 jam
847 2508 1173 2579 incipiemus
1210 2508 1278 2562 de
1302 2510 1372 2564 iis
1399 2508 1503 2564 Dei
1528 2508 1840 2573 attributis),
1884 2526 2021 2583 quae
2046 2512 2303 2583 propris·

414 2592 759 2648 vocavimus.
800 2592 857 2643 et
891 2588 1122 2660 primum
1163 2589 1383 2661 quidem
1420 2588 1597 2644 Deum
1636 2606 1753 2644 esse
1790 2590 2031 2645 omnium
2069 2607 2302 2646 eausam.

487 2824 535 2879 1)
580 2821 816 2883 Sequentia
863 2818 1046 2881 propris
1075 2818 1285 2865 dicuntur
1303 2855 1319 2877 ,
1367 2820 1471 2883 quis
1503 2818 1617 2867 nihil
1649 2819 1770 2867 aliud
1802 2826 1909 2868 sunt
1940 2836 2072 2885 quam
2102 2819 2312 2881 adjectiva

413 2910 524 2957 quae
572 2892 746 2955 eoneipi
791 2896 1022 2957 nequeunt
1072 2892 1167 2940 sine
1209 2890 1501 2939 substantivis
1549 2890 1641 2938 suis
1686 2890 1718 2939 i.
1750 2906 1790 2939 e.
1820 2890 1946 2938 Deus
1978 2890 2076 2937 sine
2104 2891 2163 2938 iis
2195 2891 2311 2939 Deus

413 2980 505 3012 non
551 2970 692 3022 esset,
739 2978 822 3011 nee
867 2970 1016 3010 temen
1063 2978 1142 3023 per
1187 2963 1268 3011 illa
1317 2962 1440 3009 Deus
1471 2967 1562 3020 est,
1609 2977 1710 3009 nam
1744 2961 1857 3009 nihil
1888 2960 2198 3021 substantiale,
2234 2976 2303 3023 per

413 3035 530 3101 quod
561 3035 706 3082 solum
737 3035 862 3082 Dens
891 3034 1045 3082 existit
1061 3071 1075 3094 ‚
1109 3035 1378 3096 signifloent.
