2432 3554
1155 184 1267 240 146

260 340 402 394 sario
459 340 710 410 pendere.
784 341 852 395 In
892 340 1108 394 irrisore
1146 341 1613 412 imperfectionem
1655 344 1991 408 ostendunt,
2057 346 2218 417 quja

255 419 426 480 istud,
470 420 558 474 cui
598 420 820 484 irridet,
862 422 971 474 tale
1009 426 1121 483 est,
1165 423 1308 492 quod
1350 423 1463 476 sive
1503 423 1709 478 risibile
1747 430 1830 478 est
1867 425 1992 478 sive
2029 443 2210 488 non:

260 499 305 553 si
345 515 452 552 non
492 504 605 563 est,
654 517 957 570 perversam
998 518 1149 555 suam
1189 506 1439 556 naturam
1479 504 1748 566 ostendit,
1796 503 2058 560 irridens
2109 505 2216 562 cui

259 595 367 634 non
405 579 772 642 irridendum:
834 580 877 634 si
934 585 1047 642 est,
1106 582 1350 636 ostendit
1405 582 1462 636 in
1521 600 1614 647 e0‚
1675 583 1765 637 cui
1819 583 2072 646 irridet,
2156 603 2218 640 se

258 645 718 733 imperfectionem
758 662 1029 734 quandam
1068 663 1281 724 videre,
1323 679 1483 733 quam
1524 681 1552 714 e
1591 664 1862 718 contrario
1899 682 2028 726 non
2063 665 2217 724 irri-

258 743 409 796 sione
446 743 540 796 sed
580 742 737 795 bonis
774 741 1078 796 rationibus
1117 741 1386 811 corrigere
1424 740 1604 795 debet.

328 981 493 1042 Quod
546 982 659 1050 jam
717 981 785 1034 ad
842 982 1038 1036 Risum
1093 982 1326 1046 attinet,
1387 979 1480 1034 ille
1521 981 1736 1034 nonnisi
1777 981 1842 1034 ad
1883 979 2213 1037 hominem

258 1061 529 1130 pertinet,
588 1059 682 1131 qui
721 1059 929 1130 aliquid
970 1061 1092 1114 boni
1136 1061 1191 1114 in
1231 1077 1286 1114 se
1325 1059 1742 1122 animadvertit:
1789 1065 1843 1113 et
1879 1061 2028 1132 quia
2083 1061 2218 1117 lae-

259 1141 416 1196 titiae
472 1139 737 1210 quaedam
794 1140 1001 1210 species
1058 1144 1172 1204 est,
1232 1139 1297 1193 de
1354 1157 1417 1193 eo
1476 1139 1608 1193 nihil
1663 1139 1814 1194 aliud
1862 1139 2215 1196 dicendum

260 1220 366 1275 nisi
416 1220 561 1290 quod
602 1219 669 1273 de
709 1219 921 1273 laetitia
953 1221 1065 1289 jam
1104 1219 1310 1274 dictum
1352 1227 1449 1276 est.
1523 1219 1607 1272 De
1647 1219 1743 1272 illo
1781 1221 1891 1273 risu
1937 1219 2216 1292 loquor,

260 1301 353 1371 qui
412 1319 481 1354 ex
537 1300 659 1355 idea
719 1300 953 1371 quadam
991 1299 1276 1370 provenit,
1337 1300 1604 1354 ridentem
1643 1299 1918 1354 excitante
1959 1301 2222 1376 absque

258 1381 406 1434 omni
447 1379 574 1434 boni
622 1379 856 1451 malique
894 1376 1261 1450 cogitatione,
1300 1378 1454 1434 nullo
1493 1393 1620 1433 vero
1648 1379 1806 1432 modo
1831 1377 1896 1432 de
1925 1379 2066 1434 risu
2101 1383 2220 1453 qui

260 1463 554 1533 spirituum
594 1463 744 1515 motu
783 1459 1087 1524 excitatur,
1130 1477 1304 1532 neque
1342 1459 1411 1513 ad
1452 1458 1651 1513 bonum
1693 1457 1963 1512 malumve
2003 1461 2220 1530 perti-

258 1547 379 1603 net:
423 1542 488 1595 de
527 1559 635 1614 quo
665 1541 778 1612 jam
818 1539 997 1595 dicere
1035 1543 1189 1594 extra
1226 1543 1474 1594 nostrum
1512 1538 1850 1610 propositum
1889 1543 2042 1595 erat.

329 1780 412 1833 De
470 1777 728 1841 Invidia,
788 1776 909 1839 Ira,
968 1780 1023 1831 et
1061 1775 1450 1847 Indignatione
1490 1775 1626 1831 nihil
1666 1773 1990 1839 dicendum,
2079 1780 2216 1835 nisi

262 1865 323 1915 ut
360 1859 511 1915 illius
550 1860 720 1913 simus
760 1874 1019 1912 memores
1058 1858 1203 1929 quod
1241 1860 1404 1911 antea
1441 1856 1508 1909 de
1547 1856 1672 1911 odio
1711 1856 1964 1910 diximus,

794 2174 1045 2230 CAPUT
1082 2172 1629 2229 DUODECIMUM.

600 2350 679 2389 Dm
715 2349 993 2398 HONORE,
1034 2348 1292 2396 PUDORF„
1334 2347 1407 2385 ET
1446 2346 1829 2387 IMPUDENTIA.

327 2497 521 2552 Honos
560 2494 826 2567 quaedam
855 2492 1099 2547 laetitiae
1128 2491 1336 2562 species
1359 2495 1476 2555 est,
1519 2508 1680 2562 quam
1707 2491 1994 2561 quisquam
2031 2491 2105 2547 in
2135 2512 2216 2551 se

261 2577 495 2647 percipit
550 2574 645 2629 ubi
701 2578 823 2629 acta
878 2590 979 2628 sua
1029 2574 1097 2627 ab
1138 2570 1266 2626 aliis
1303 2570 1581 2625 aestimari
1621 2568 1942 2640 laudarique
1979 2571 2210 2639 videt,

262 2655 475 2711 nullum
515 2654 729 2709 luorum
768 2652 975 2707 utileve
1011 2648 1453 2721 respicientibus.

331 2815 511 2870 Pudor
548 2811 812 2885 quaedam
851 2810 1113 2867 tristitiae
1152 2809 1392 2881 species,
1455 2826 1595 2881 quae
1633 2808 1693 2863 in
1729 2807 1914 2879 aliquo
1954 2808 2201 2877 oritur,

262 2896 356 2967 qui
414 2895 565 2949 videt
620 2892 863 2948 actiones
914 2908 1040 2947 suas
1078 2891 1147 2945 ab
1185 2888 1311 2946 aliis
1349 2888 1591 2960 despici,
1645 2886 1858 2943 nullum
1900 2886 2206 2949 damnum

262 2974 349 3028 vel
385 2972 788 3029 incommodum
825 2970 1270 3042 respicientibus.
