2432 3554
1294 197 1410 253 178
2355 196 2358 297 Ι

400 356 619 420 serviit,
675 355 860 429 itaque
922 356 1037 427 jam
1100 356 1378 428 quiescere
1433 374 1554 413 eam
1609 356 1814 415 sineret
1873 374 1976 415 nee
2012 356 2266 429 quemdam
2355 328 2357 393 i

397 434 633 508 amplius
675 454 832 491 usum
870 435 939 490 ab
976 454 1041 491 ea
1078 435 1410 508 postularet3
1452 437 1659 493 securis
1696 436 1796 493 illa
1831 441 1971 500 tuno
1999 456 2036 503 a
2063 438 2160 496 fiae
2181 454 2261 494 sua

402 520 775 571 removeretur
812 532 913 572 nee
951 516 1159 574 securis
1196 515 1434 591 amplius
1471 520 1630 575 esset.
1685 516 1778 572 Ita
1800 521 1856 573 et
1882 516 2070 581 homo,
2102 534 2263 589 quan·-
2357 459 2359 573 1

403 595 499 651 diu
538 612 666 667 pars
703 599 931 651 naturae
969 599 1085 661 est,
1129 594 1278 666 leges
1317 600 1544 651 naturae
1581 597 1737 669 sequi
1775 596 1970 664 debet.
2009 597 2146 669 quod
2177 596 2271 655 Dei

405 675 689 733 servitium
735 676 773 733 i.
817 694 865 730 e.
915 674 1109 747 religio
1153 680 1272 741 est,
1311 678 1366 731 et
1409 676 1672 749 quamdiu
1713 676 1814 733 hoe
1854 678 1990 735 facit
2027 695 2124 733 sua
2143 674 2264 734 vale*

400 758 595 814 tudine
631 758 852 829 gaudet.
896 756 955 813 Si
992 775 1122 813 vero
1158 758 1339 823 Deus,
1381 763 1446 811 ut
1483 756 1562 811 ita
1599 756 1813 823 dicam,
1851 756 2022 813 vellet
2054 756 2266 814 hominm

397 855 508 895 non
547 838 783 911 amplius
819 838 870 892 ei
910 838 1209 893 servituros
1248 855 1400 901 esse,
1439 855 1610 908 aeque
1647 836 1752 892 hoe
1786 835 1997 893 valeret
2031 853 2094 893 ae
2125 835 2169 893 ei
2192 852 2268 892 eos

398 918 716 973 valetudine
791 918 1031 989 privaret
1087 936 1287 990 eosque
1343 916 1681 979 destrueret;
1751 918 1882 989 quia
1939 934 2094 973 omne
2143 914 2272 987 quod

398 1004 529 1053 sunt
567 998 622 1053 in
661 1014 725 1052 eo
762 998 1047 1063 consistit,
1085 996 1203 1052 Deo
1243 1001 1306 1053 ut
1343 996 1603 1052 serviant.

853 1550 1104 1609 CAPUT
1142 1549 1515 1607 DECIMUM
1556 1548 1716 1605 NON
1723 1549 1858 1607 ΠΜ.

960 1724 1039 1763 DE
1074 1721 1480 1763 BEAmrrumNE
1515 1722 1758 1763 NOSTRA.

475 1868 600 1922 Jam
657 1885 815 1922 verae
859 1867 986 1923 fidei
1023 1866 1360 1924 utilitatibus
1397 1867 1728 1939 perspectis,
1787 1866 2072 1938 promissis
2103 1866 2277 1924 nostris
2368 1897 2369 1900 =

410 1946 724 2004 satisfacere
780 1946 1135 2014 conabimur,
1190 1947 1550 2018 inquirendo,
1611 1965 1682 2003 an
1745 1947 2095 2014 cognitione.
2145 1963 2280 2018 quam

399 2027 515 2099 jam
574 2027 947 2100 possidemuS,
1021 2027 1153 2099 quid
1210 2025 1412 2083 bonum
1465 2027 1808 2099 malumque,
1871 2045 2062 2084 verum
2097 2026 2282 2083 falsum·

406 2125 512 2180 que
573 2107 676 2170 sit,
737 2113 793 2162 et
847 2125 1114 2179 quaenam
1173 2105 1502 2180 generaliter
1552 2108 1810 2164 omnium.
1832 2107 2030 2164 horum
2068 2105 2280 2166 utilitas,

404 2206 476 2242 an
533 2185 707 2257 (dieo)
764 2204 829 2240 ea
882 2187 951 2242 ad
1007 2186 1386 2242 valetudinum
1444 2192 1684 2244 nostram
1741 2186 1859 2244 soil.
1932 2187 2038 2242 Dei
2075 2203 2280 2243 amorem

404 2270 593 2340 (quam
630 2272 890 2339 tanquam
930 2286 1194 2324 summam
1235 2276 1473 2327 nostram
1518 2268 1912 2324 beatitudinem
1950 2265 2284 2323 consideravi·

408 2349 553 2418 mus)
594 2348 908 2419 pervenire,
946 2353 1111 2421 atque
1136 2347 1306 2404 etiam
1327 2367 1436 2423 qua
1462 2348 1676 2405 ratione
1702 2366 1736 2404 a
1760 2347 2134 2420 passionibus..
2169 2363 2282 2420 quas

407 2426 579 2482 malas
610 2425 1013 2498 judicavimue,
1054 2427 1276 2484 liberari
1313 2431 1620 2502 possimus?

480 2663 563 2720 Ut
581 2664 752 2736 igitur
769 2664 837 2720 de
856 2669 1147 2738 postremo,
1176 2666 1500 2726 liberatione
1519 2667 1640 2726 scil.
1663 2685 1698 2724 a
1717 2664 1876 2722 malis
1895 2666 2283 2739 passionibuv)

472 2939 521 2994 1)
585 2935 751 2984 Omnes
810 2938 1041 2997 passiones
1088 2955 1201 3000 quae
1251 2956 1349 2988 enm
1401 2943 1520 2992 bona
1567 2945 1743 2994 ratione
1787 2952 1996 3008 pugnant
2040 2946 2128 3006 (uti
2169 2949 2281 2992 auten

406 3008 759 3054 demonstratum
811 3008 918 3070 suit)
949 3025 1004 3057 ex
1037 3011 1250 3072 opinione
1283 3013 1491 3064 oriuntur
1501 3036 1516 3074 3
1560 3023 1606 3064 et
1640 3033 1769 3066 omne
1801 3018 1920 3078 quod
1953 3019 2005 3066 in
2036 3016 2292 3079 „unionibus

408 3079 573 3125 bonum
624 3079 841 3127 malumve
888 3084 977 3138 est,
1028 3097 1131 3129 vera
1178 3082 1266 3130 fide
1311 3083 1440 3134 nobie
1471 3087 1740 3138 ostenditur.
1801 3087 1980 3138 Neutra
2011 3095 2180 3148 tamen,
2217 3099 2290 3134 ιω
