2432 3554
1292 158 1410 216 310

405 336 536 374 sane
592 319 812 375 crudele
851 319 1144 376 admodum
1182 320 1433 386 videtur,
1492 319 1671 374 Deum
1709 317 1948 372 aeternis
1984 315 2069 370 vel
2100 314 2248 370 saltem

409 400 545 456 diris
601 401 670 456 ad
724 404 942 473 tempus
981 402 1317 458 eruciatibus
1353 401 1618 464 devovere
1656 399 1902 454 homines
1939 397 2010 452 ob
2045 399 2249 468 peecata,

406 498 546 552 quae
584 481 900 537 nullatenus
941 487 1194 554 poterant
1231 482 1299 537 ab
1337 483 1401 552 ijs
1438 481 1653 536 evitari.
1730 479 1822 534 Ad
1860 478 1995 533 haee
2029 477 2181 532 totius
2207 473 2248 526 S.

409 559 722 631 Scripturas
775 565 934 616 tenor
987 562 1044 616 id
1087 578 1391 634 supponere
1428 568 1485 616 et
1521 560 1800 632 implicare
1836 557 2084 621 videtur,
2134 570 2254 628 posse

408 640 653 695 homines
711 642 982 697 abstinere
1021 661 1054 696 a
1093 642 1363 714 peccatis:
1426 641 1671 696 abundat
1705 639 1907 712 quippe
1944 633 2255 692 abominatio·

406 721 566 776 nibus
605 728 664 776 et
699 722 1005 794 promissis,
1047 723 1411 793 praemiorum
1449 726 1505 776 et
1542 737 1837 793 poenarum
1864 713 2255 772 denunciationi-

408 803 536 866 bus,
576 820 714 874 quae
751 803 934 856 omnia
970 802 1230 857 videntur
1267 807 1459 858 eontra
1496 801 1757 874 peccandi
1795 799 2163 854 necessitatem
2186 795 2255 848 mi·

405 881 596 946 litare,
638 885 695 937 et
731 900 1025 954 poenarum
1056 882 1440 937 evitandarum
1466 880 1891 954 possibilitatem
1917 880 2127 933 inferre.
2161 875 2259 934 Quo

407 967 636 1033 negate,
678 980 830 1016 mens
867 962 1104 1017 humana
1142 981 1253 1017 non
1280 963 1459 1016 minus
1486 961 1797 1017 mechaniee
1823 977 1987 1032 quam
2006 959 2257 1012 humanum

404 1059 602 1113 eorpus
639 1059 798 1113 agere
835 1043 1067 1098 dicenda
1103 1044 1262 1097 foret.

479 1121 683 1186 Porro,
726 1123 872 1194 quod
911 1123 1175 1179 miracula
1213 1128 1270 1177 et
1295 1121 1659 1194 ignorantiam
1684 1137 1784 1192 pro
1808 1113 2257 1190 aequipollentibus

296 1267 300 1272 ,
410 1218 621 1257 sumere
659 1201 870 1273 pergiS‚
913 1201 1014 1257 hoe
1055 1202 1410 1256 fundamento
1449 1200 1554 1254 niti
1592 1199 1843 1263 videtur,
1886 1197 2033 1268 quod
2059 1197 2258 1251 creatura

409 1281 583 1352 possit
620 1280 921 1352 debeatque
961 1281 1234 1336 infinitam
1273 1281 1535 1336 creatoris
1571 1279 1874 1350 potentiam
1901 1282 1958 1330 et
1982 1273 2256 1346 sapientiam

409 1364 748 1431 perspectam
787 1359 1014 1424 habere;
1073 1361 1220 1433 quod
1260 1361 1449 1433 utique
1488 1377 1643 1416 secus
1681 1376 1739 1413 se
1777 1357 1974 1412 babere
2014 1354 2138 1410 mihi
2168 1353 2253 1406 hac-

409 1445 572 1494 tenus
609 1445 694 1494 est
730 1440 1222 1510 persuasissimum.

481 1519 734 1590 Denique
772 1519 916 1590 quod
955 1519 1190 1574 affirmas
1228 1519 1435 1575 Christi
1474 1518 1810 1590 passionem,
1866 1519 2092 1570 mortem
2126 1516 2173 1567 et
2194 1525 2245 1564 se·

412 1598 691 1670 pulturam
729 1597 1018 1655 literaliter
1065 1598 1284 1671 quidem
1321 1597 1641 1670 accipienda
1666 1615 1816 1661 esse,
1856 1594 2239 1651 resurrectionem

416 1695 542 1733 vero
579 1677 699 1748 ejus
734 1677 1056 1750 allegorice,
1114 1677 1301 1742 nu110,
1339 1679 1486 1751 quod
1526 1678 1657 1732 mihi
1688 1680 1947 1749 apparet,
1988 1672 2239 1750 argumento

415 1775 448 1813 a
483 1758 560 1814 Te
603 1757 849 1815 fulcitur.
915 1759 1108 1831 Aeque
1146 1757 1436 1815 literaliter
1474 1757 1617 1813 tradi
1655 1759 1713 1815 in
1750 1755 2067 1829 Evangelijs
2090 1751 2239 1835 videtqr

413 1838 738 1892 resurreetio
779 1838 1018 1903 Christi,
1069 1855 1134 1893 ae
1171 1837 1400 1911 reliqua.
1479 1838 1553 1893 Et
1590 1838 1691 1893 hoe
1727 1835 2133 1891 resurrectionis
2156 1832 2237 1883 arfl-

413 1916 540 1973 culo
593 1920 712 1972 tota
749 1918 942 1989 religio
983 1916 1299 1973 Christiana
1343 1918 1571 1989 ejusque
1606 1917 1809 1972 veritas
1846 1916 2081 1980 nititur,
2128 1920 2233 1979 enth

414 1996 632 2051 sublata
667 1996 874 2053 Christi
909 1997 1046 2053 Jesu
1083 1998 1271 2054 missio
1308 2016 1372 2053 ao
1410 1998 1661 2054 doctrina
1698 1996 1953 2053 eoelestis
1976 1984 2233 2051 collabaseit

411 2077 615 2133 Latere
669 2081 725 2132 te
763 2096 872 2133 non
909 2083 1090 2150 potest
1127 2084 1463 2152 quantopere
1502 2077 1772 2133 laboravit
1808 2075 2063 2131 Christus
2096 2092 2123 2126 a
2148 2078 2235 2122 mor·

413 2158 527 2213 tuis
577 2158 965 2223 resuscitatus,
1029 2164 1092 2213 ut
1129 2158 1430 2229 discipulos
1468 2176 1596 2213 suos
1634 2157 1699 2211 de
1738 2154 2138 2211 resurrectionis
2160 2160 2239 2219 pto·

413 2238 529 2309 prie
568 2236 647 2293 sie
684 2237 865 2293 dietae
902 2239 1134 2293 veritate
1171 2238 1539 2295 convinceret.
1592 2236 1791 2294 Omnia
1815 2234 1915 2291 illa
1939 2236 1996 2290 in
2023 2226 2245 2301 allegorias

412 2320 625 2372 vertere
661 2315 803 2371 velle
840 2316 984 2372 idem
1022 2323 1137 2379 est,
1177 2335 1243 2373 ae
1282 2318 1328 2372 si
1366 2318 1488 2390 quis
1526 2334 1739 2372 omnem
1776 2313 2129 2385 Evangelieae
2154 2303 2247 2362 His·

415 2396 588 2451 toriae
625 2396 912 2452 veritatem
951 2396 1259 2451 convellere
1296 2402 1529 2469 satagat.
2218 2460 2228 2471 ‚

484 2476 671 2531 Pauca
709 2476 842 2531 haee
878 2493 1066 2530 rursus
1103 2476 1162 2531 in
1202 2477 1438 2533 medium
1474 2477 1687 2532 adferre
1723 2475 1877 2532 volui
1913 2491 2011 2545 pro
2048 2486 2145 2527 mea
2163 2462 2245 2537 911¹·

417 2555 741 2626 losophandi
782 2553 1059 2617 libertate,
1101 2573 1264 2627 quam
1303 2562 1367 2611 ut
1405 2558 1534 2613 boni
1572 2556 1854 2621 consulas,
1896 2556 2051 2613 enixe
2083 2563 2195 2619 rogo·

491 2635 703 2690 Dabam
740 2635 983 2691 Londini
1022 2634 1076 2689 d.
1121 2638 1188 2691 11
1226 2636 1385 2693 Febr.
1422 2636 1584 2695 1676.

490 2714 746 2770 Proxime
783 2714 851 2769 de
887 2715 1098 2787 Regiae
1139 2716 1421 2771 societatis
1459 2716 1654 2786 studijs
1691 2720 1747 2771 et
1772 2714 2039 2784 exereitijs
2061 2716 2243 2789 pram?

419 2793 568 2849 tibus
607 2800 788 2851 tecum
814 2812 970 2866 agam
987 2833 1007 2860 ‚
1047 2794 1091 2849 si
1117 2794 1281 2878 Deus
1297 2796 1467 2850 vitam
1490 2800 1549 2851 et
1572 2795 1946 2851 valetudinem
1970 2781 2243 2851 eoneesoerli·
