2432 3554
1322 146 1441 203 224

436 306 663 370 dicunt,
721 306 837 364 scil.
875 307 981 363 nisi
1030 306 1137 363 Dei
1175 322 1410 361 amorem
1449 304 1566 358 vita
1602 306 1824 359 aeterna
1861 310 2208 375 sequeretur,
2256 322 2299 359 se

438 405 594 441 suum
657 387 997 441 commodum
1056 388 1427 459 quaesituros,
1490 384 1646 456 quasi
1705 384 1916 456 aliquid
1978 383 2096 439 Deo
2129 386 2298 439 melius

436 467 763 529 invenirent.
818 468 985 526 Quod
1024 483 1193 538 aeque
1234 467 1478 537 ineptum
1517 468 1631 525 est,
1673 480 1736 519 ac
1775 465 1821 517 si
1861 465 2028 534 piscis
2063 466 2296 535 quaedam

438 547 553 615 (cui
592 550 747 603 extra
784 564 978 618 aquam
1017 548 1133 600 vita
1158 563 1266 601 non
1295 553 1398 614 est)
1427 545 1665 601 diceret:
1707 546 1814 601 nisi
1841 546 2014 600 vitam
2043 548 2230 602 hancce
2250 546 2296 599 in

436 644 577 699 aqua
613 628 729 681 vita
764 631 985 681 aeterna
1024 630 1318 697 sequatur,
1357 644 1425 681 ex
1463 643 1602 701 aqua
1640 626 1698 680 in
1736 631 1936 680 terram
1977 628 2202 682 transire
2221 644 2293 681 vo·

438 708 520 769 103
582 708 713 779 quid
765 724 894 760 vero
933 705 1001 769 ii,
1068 705 1247 760 Deum
1285 706 1380 777 qui
1417 707 1708 777 ignorant,
1765 706 1918 760 aliud
1956 706 2111 761 nobis
2143 707 2294 761 dicere

434 786 695 859 possent?

504 865 773 920 Videmus
826 867 1043 936 itaque,
1104 866 1262 921 nobis
1319 869 1382 920 ut
1425 867 1714 919 veritatem
1761 866 2138 920 nanciscamur
2168 865 2293 919 illius

434 946 579 1019 quod
636 944 959 999 affirmamus
1018 944 1083 999 de
1142 946 1320 1000 salute
1375 949 1431 999 et
1479 944 1664 1016 quiete
1701 944 1936 1009 nostrie,
1998 946 2159 999 nullis
2191 944 2292 999 aliis

435 1024 719 1097 principiis
757 1042 895 1095 opus
931 1042 1048 1079 esse
1087 1027 1193 1080 nisi
1233 1026 1360 1090 illo,
1399 1026 1678 1095 proprium
1718 1029 1962 1079 nostrum
2004 1026 2134 1079 utile
2167 1023 2290 1079 cordi

436 1106 659 1165 habere,
726 1120 784 1158 re
840 1104 1082 1159 omnium
1128 1105 1362 1159 maxime
1401 1121 1524 1158 cum
1565 1108 1762 1158 natura
1799 1104 2167 1181 conveniente.
2233 1102 2290 1157 Et

436 1184 565 1255 quia
608 1184 947 1254 experimur,
1007 1184 1153 1255 quod
1191 1184 1611 1248 sensualitateS,
1660 1184 1972 1255 voluptates
2011 1189 2067 1239 et
2101 1186 2287 1239 munda-

437 1281 535 1317 nas
590 1262 899 1334 quaerendo
954 1280 1071 1327 ree,
1132 1282 1242 1318 non
1301 1264 1534 1318 salutem
1573 1267 1814 1318 nostram
1854 1264 1952 1319 sed
1990 1282 2019 1317 e
2055 1263 2288 1319 contrario

436 1341 797 1412 perditionem
853 1342 908 1396 in
967 1343 1036 1397 iis
1093 1344 1493 1407 nanciscimur,
1555 1362 1618 1399 eo
1665 1345 1784 1415 ipso
1822 1345 2134 1401 intellectus
2165 1363 2284 1415 prae·

436 1422 659 1477 ferimus
714 1422 1090 1477 directionem.
1166 1424 1334 1483 Quod
1391 1441 1520 1478 vero
1570 1441 1696 1479 cum
1733 1422 1868 1479 effici
1909 1430 2165 1497 nequeat,
2215 1442 2284 1479 an-

436 1507 655 1573 tequam
690 1502 757 1556 ad
785 1501 889 1558 Dei
915 1502 1284 1573 cognitionem
1310 1506 1366 1557 et
1395 1521 1631 1558 amorem
1658 1504 2066 1574 perveniamus,
2105 1504 2286 1559 omnino

436 1598 655 1636 necesse
712 1582 774 1635 fit
830 1582 974 1637 hunc
1034 1582 1264 1651 (Deum)
1301 1600 1592 1655 quaerere;
1651 1577 1709 1637 et
1744 1584 1874 1656 quia
1911 1601 2067 1648 eum,
2118 1583 2282 1638 delibe-

436 1661 647 1715 ratione
702 1660 925 1726 habita,
982 1665 1244 1734 tanquam
1299 1664 1567 1734 optimum
1625 1663 1866 1717 omnium
1927 1663 2180 1719 bonorum
2211 1678 2280 1716 ex-

438 1742 583 1812 perti
643 1759 868 1805 sumuS,
930 1744 1103 1798 coacti
1164 1758 1354 1798 sumus
1409 1744 1498 1800 hic
1553 1743 1850 1800 consistere
1905 1760 1970 1800 ac
2024 1745 2284 1818 quiescere:

437 1839 562 1877 nam
620 1827 775 1876 extra
827 1838 953 1876 eum
1008 1819 1218 1876 nullam
1277 1841 1389 1879 rem
1444 1841 1562 1878 esse
1617 1821 1854 1879 vidimus
1910 1842 2049 1896 quae
2091 1825 2284 1895 aliquam

440 1900 671 1958 salutem
711 1901 870 1955 nobis
906 1901 1035 1956 dare
1073 1901 1283 1972 possit,
1321 1921 1612 1975 veramque
1650 1921 1767 1958 esse
1800 1903 2106 1959 libertatem
2129 1899 2287 1956 amoris

440 1982 559 2054 ejus
595 1981 834 2037 vinculis
872 1981 1103 2052 ligatum
1142 1999 1260 2036 esse
1297 1988 1354 2038 et
1391 2001 1628 2037 manere.

508 2061 773 2116 Videmus
841 2060 1074 2133 denique
1138 2062 1336 2124 etiam,
1417 2062 1562 2135 quod
1632 2061 1980 2117 ratiocinatio
2036 2059 2102 2117 2in
2163 2057 2284 2114 nobis

437 2142 702 2213 optimum
740 2159 850 2197 non
888 2141 990 2205 sit,
1050 2142 1144 2196 sed
1182 2145 1444 2213 tanquam
1481 2143 1683 2214 gradus
1721 2147 1937 2197 tantum
1963 2184 1978 2204 ,
2039 2157 2128 2212 per
2158 2153 2280 2212 quem

438 2221 506 2276 ad
564 2221 745 2276 locum
800 2221 1169 2276 desideratum
1207 2221 1623 2285 adscendimus,
1685 2224 1798 2278 sive
1837 2223 1919 2278 uti
1961 2221 2128 2277 bonus
2161 2216 2280 2290 spiri-

438 2307 564 2366 tua,
623 2301 716 2373 qui
762 2305 917 2355 extra
954 2317 1166 2355 omnem
1205 2301 1502 2358 falsitatem
1539 2303 1896 2374 fraudemque
1935 2303 2182 2374 optimum
2215 2300 2280 2350 bo·

439 2400 571 2436 num
624 2381 783 2436 nobis
837 2381 1169 2443 annunciat,
1229 2399 1400 2453 eoque
1464 2384 1604 2439 illud
1654 2387 1717 2438 ut
1753 2399 2072 2455 quaeramus
2106 2383 2280 2433 etcum

440 2480 503 2519 eo
547 2465 609 2516 ut
646 2462 927 2522 uniamur.
972 2479 1071 2516 nos
1109 2461 1337 2526 incitat;
1379 2482 1518 2536 quae
1559 2465 1691 2520 unio
1727 2481 1938 2520 summa
1965 2469 2139 2519 nostra
2159 2459 2278 2516 salus

442 2546 497 2596 et
537 2540 821 2596 beatitudo
857 2545 957 2598 est.

510 2623 711 2678 Restat
760 2621 963 2693 igitur,
1021 2623 1169 2693 operi
1208 2627 1271 2678 ut
1309 2625 1473 2682 finem
1505 2625 1804 2690 faciamus,
1862 2628 1927 2679 ut
1964 2623 2177 2678 breviter
2205 2617 2274 2670 de-

444 2703 839 2765 monstremuS,
897 2719 1162 2773 quaenam
1223 2703 1458 2758 humana
1517 2703 1743 2760 libertas
1802 2703 1876 2758 sit
1930 2705 1986 2758 et
2031 2719 2128 2774 qua
2157 2699 2203 2754 in
2234 2713 2281 2750 re
