2432 3554
1061 165 1178 222 ³17

169 329 396 380 tonnam
423 324 664 382 Domino
688 326 1030 390 concederet,
1058 325 1204 399 quod
1231 341 1357 380 cum
1381 322 1711 379 amicissima
1735 321 2065 378 salutatione

167 411 446 478 praestare
488 406 752 478 promisit.

237 486 494 558 Denique
529 486 658 554 styli
695 485 925 541 ruditati
959 483 1262 558 calamique
1288 482 1556 540 celeritati
1582 483 1834 554 ignoscas
1859 499 2061 555 quaeso

164 565 407 639 mihique
445 567 514 622 ad
553 566 777 622 servitia
813 567 931 622 Tua
967 565 1284 637 exequenda
1319 564 1583 635 impereS,
1626 567 1689 618 ut
1718 563 2058 618 occasionem

163 645 366 701 realem
403 646 630 701 habeam
667 645 909 702 testandi
946 663 1032 700 me
1068 660 1219 708 esse,
1258 643 1344 698 vir
1378 642 1881 714 praestantissime,

1195 741 1412 779 servum
1450 722 1553 777 tibi
1591 722 1995 794 paratissimum

1399 802 1877 861 G.H.Seha11er.

555 947 852 1017 Responsio,

377 1035 769 1106 Expertissime
806 1036 918 1100 De,
957 1035 1129 1091 amice
1167 1035 1463 1107 plurimum
1498 1033 1756 1097 colende,

221 1123 552 1194 Pergratum
589 1123 724 1178 mihi
761 1123 902 1188 fuit,
959 1141 1026 1178 ex
1062 1123 1239 1178 literis
1276 1123 1423 1182 tuis,
1464 1121 1623 1176 hodie
1660 1119 1929 1191 acceptis,
1970 1120 2054 1176 in-

152 1201 428 1272 telligere‚
486 1201 632 1274 quod
674 1202 808 1258 bene
843 1202 1050 1266 valeas,
1093 1207 1149 1258 et
1179 1202 1325 1276 quod
1366 1199 1823 1257 Tschirnhausius
1862 1203 2047 1254 noster

150 1281 388 1337 feliciter
441 1282 549 1336 iter
602 1300 760 1337 suum
801 1283 858 1338 in
896 1283 1133 1338 Galliam
1171 1282 1485 1337 confecerit.
1562 1281 1632 1337 In
1670 1279 2042 1345 sermonibus,

150 1377 286 1431 quos
325 1377 451 1416 cum
487 1360 590 1417 Do.
631 1363 892 1434 Eugenio
929 1363 997 1418 de
1025 1381 1110 1418 me
1137 1361 1365 1426 habuit,
1403 1361 1699 1433 prudenter
1726 1377 1887 1415 sane.
1931 1377 2049 1414 meo

151 1439 370 1511 quidem
406 1439 650 1511 judicio,
691 1461 748 1498 se
785 1445 984 1514 gessit,
1023 1449 1080 1499 et
1115 1446 1397 1513 praeterea
1432 1457 1771 1512 summopere
1801 1438 2045 1510 gaude0,

149 1519 294 1591 quod
333 1525 446 1576 tam
484 1526 846 1594 opportunam
883 1524 1225 1580 occasionem
1261 1523 1331 1578 ad
1368 1522 1531 1576 finem
1552 1563 1567 1579 .
1608 1539 1769 1594 quem
1796 1519 1901 1574 sibi
1926 1520 2046 1574 des-

149 1601 454 1664 tinaverat,
497 1601 788 1659 invenerit.
861 1601 1015 1662 Quid
1052 1607 1235 1658 autem
1275 1603 1334 1657 in
1370 1602 1642 1658 axiomate
1678 1605 1743 1656 40
1788 1620 1837 1672 p.
1880 1603 1930 1658 1.
1962 1618 2043 1655 re-

147 1680 378 1749 pererit,
422 1697 492 1736 ex
518 1698 628 1752 quo
651 1682 1026 1737 contradicere
1050 1683 1307 1738 videatur
1329 1701 1482 1754 prop.
1514 1685 1547 1736 5
1574 1699 1628 1752 p.
1659 1683 1692 1736 2
1718 1699 1826 1736 non
1848 1681 2040 1743 video:

145 1759 200 1815 in
255 1759 360 1816 hac
397 1759 542 1816 enim
581 1779 732 1833 prop.
771 1760 1093 1827 affirmatur,
1156 1762 1302 1836 quod
1340 1761 1495 1818 ideae
1531 1760 1923 1834 cujuscumque
1960 1777 2041 1815 es-

146 1841 322 1895 sentia
370 1839 584 1906 Deum,
642 1846 914 1915 quatenus
963 1846 1026 1897 ut
1061 1859 1148 1897 res
1183 1842 1435 1915 cogitans
1470 1840 1881 1902 consideratur,
1943 1858 2042 1913 pro

145 1936 310 1975 causa
365 1920 559 1984 habet:
617 1922 678 1979 in
731 1922 832 1977 illo
887 1926 1070 1977 autem
1113 1922 1421 1989 axiomate,
1478 1921 1624 1995 quod
1661 1922 1885 1977 effectus
1920 1939 2043 1993 cog-

143 1999 314 2063 nitio.
355 2000 473 2055 sive
511 1999 665 2066 idea,
707 2020 739 2056 a
776 2002 1090 2073 cognitione
1127 2001 1245 2057 sive
1282 2003 1409 2058 idea
1437 2018 1634 2059 causae
1659 2002 1875 2073 pendet.
1932 2000 2040 2055 Sed

143 2082 203 2134 ut
240 2098 432 2135 verum
471 2082 676 2143 fatear,
717 2088 846 2138 tuae
883 2082 1149 2155 epistolae
1187 2101 1407 2139 sensum
1444 2083 1545 2138 hac
1582 2083 1641 2137 in
1678 2099 1735 2137 re
1775 2099 1883 2135 non
1904 2081 2039 2137 satis

140 2177 430 2233 assequor,
491 2165 547 2215 et
601 2162 691 2215 vel
741 2163 800 2217 in
853 2166 950 2217 tua
987 2162 1255 2237 epistola,
1310 2163 1401 2218 vel
1437 2164 1495 2217 in
1533 2162 1707 2233 ipsius
1744 2160 2037 2232 exemplari

139 2256 374 2295 errorem
412 2241 728 2297 festinantis
766 2240 961 2297 calami
999 2260 1116 2297 esse
1153 2244 1335 2303 credo,
1369 2244 1515 2299 Nam
1540 2242 1768 2308 scribis,
1804 2242 1860 2297 in
1886 2258 2037 2313 prop.

139 2321 169 2370 ⁵
225 2320 512 2386 affirmari,
571 2321 755 2377 ideata
803 2341 919 2377 esse
957 2340 1176 2378 causam
1216 2323 1535 2379 efficientem
1572 2323 1816 2378 idearum
1836 2364 1850 2386 ,
1910 2338 2036 2376 cum

135 2400 318 2455 tamen
375 2400 480 2455 hoc
533 2402 712 2473 ipsum
749 2402 810 2457 in
847 2403 1034 2457 eadem
1071 2404 1444 2475 propositione
1480 2420 1732 2475 expresse
1769 2405 2031 2473 uegetum

136 2482 301 2551 atque
358 2480 486 2536 hinc
541 2499 754 2537 omnem
811 2482 1184 2538 confusionem
1240 2483 1373 2538 oriri
1426 2499 1573 2537 nunc
1629 2481 1881 2536 existimo
1893 2520 1913 2546 ,
1968 2498 2033 2536 ac

135 2558 362 2627 proinde
418 2562 624 2616 frustra
675 2562 738 2617 in
793 2562 1223 2634 praesentiarum
1262 2563 1328 2617 de
1368 2562 1467 2617 hac
1504 2560 1732 2616 materia
1766 2560 2033 2633 prolixius

135 2637 370 2695 scribere
425 2658 682 2704 conarer,
739 2642 834 2695 sed
872 2642 1271 2714 expectandum
1309 2641 1443 2697 mihi
1478 2646 1593 2706 est,
1651 2642 1823 2695 donec
1858 2640 2033 2711 ipsius

135 2723 370 2774 mentem
412 2720 545 2775 mihi
583 2719 786 2775 clarius
823 2722 1092 2792 explices,
1135 2726 1192 2775 ct
1229 2722 1397 2776 sciam
1430 2738 1498 2775 an
1526 2722 1659 2775 satis
1686 2720 2031 2775 emendatum

136 2795 332 2855 babeat
376 2800 667 2870 exemplar.
703 2799 1037 2871 Lijbnizium
1077 2801 1142 2854 de
1181 2818 1290 2871 quo
1328 2800 1519 2855 scribit
1546 2818 1629 2854 me
1657 2818 1751 2872 per
1771 2799 2030 2871 epistolas

137 2880 352 2934 novisse
408 2878 604 2945 cred0,
657 2879 750 2933 sed
789 2897 898 2951 qua
935 2879 1000 2933 de
1039 2898 1203 2935 causa
1242 2882 1299 2935 in
1338 2879 1571 2935 Galliam
1608 2880 1884 2952 profectus
1922 2880 2026 2942 sit,

141 2958 228 3026 qui
263 2958 580 3015 Francfurti
619 2958 964 3014 consiliarius
1001 2966 1151 3024 erat,
1193 2961 1395 3018 nescio,
1450 2962 1735 3021 Quantum
1763 2960 2028 3029 exipsius

143 3035 384 3105 epistolis
433 3038 704 3108 conjicere
742 3039 928 3110 potui,
989 3039 1140 3095 visus
1177 3046 1263 3095 est
1301 3040 1432 3096 mihi
1469 3039 1628 3094 homo
1666 3038 1908 3095 liberalis
1944 3040 2027 3093 in-
