2432 3554
919 221 1381 266 PRAEFATIO.
2057 225 2096 267 V

191 425 373 480 aetate
420 417 748 496 philosophi
789 417 1252 494 post-Hegeliani
1292 423 1349 478 et
1374 418 1765 496 philosophiae
1795 419 2093 478 scientiae-

191 528 305 588 que
371 506 714 566 naturalium
775 505 1019 564 oultores
1059 515 1453 582 pervenerunt.
1537 508 1704 583 Quod
1747 509 1807 566 in
1847 509 2097 586 physicis

191 596 436 656 cartesii
487 593 724 670 vestigia
766 593 1032 670 premerit
1067 594 1120 662 ¹,
1182 594 1244 652 in
1289 615 1356 654 eo
1402 596 1492 654 sni
1532 596 1762 654 omnino
1806 596 1913 654 fnit
1955 607 2095 656 tem-

190 685 380 764 poris3
446 684 506 742 in
546 682 946 760 metaphysicis
988 690 1210 756 autem,
1257 705 1403 763 quae
1444 685 1739 755 dicuntur,
1802 691 1860 744 et
1900 686 2097 744 ethicis

193 775 376 834 nostri
425 806 508 816 —-
545 792 618 830 ne
673 771 858 830 dicam
913 771 1093 830 futuri
1134 810 1219 822 --
1260 773 1436 834 seculi
1493 774 1695 833 ducem
1750 793 1810 831 se
1850 774 2101 851 praebet.

199 862 368 941 Quod
433 862 582 920 enim
623 859 976 918 Leibnitzius
1021 867 1295 942 tanquam
1337 862 1548 921 melum
1592 862 1663 920 de
1704 882 1773 920 eo
1814 862 2101 939 professus

194 960 278 1012 est
320 971 517 1009 omen:
564 950 845 1026 „Spinoza
884 948 1124 1025 incipit,
1168 953 1269 1010 ubi
1300 951 1585 1009 Oai-tesius
1613 949 1847 1019 desinit,
1890 951 1953 1008 in
1980 952 2099 1010 Na-

191 1041 488 1102 turalismo
513 1039 566 1110 ,”
629 1039 736 1097 hoc
782 1057 1059 1096 summam
1117 1042 1311 1116 potius
1364 1040 1476 1117 ipsi
1531 1038 1759 1098 laudem
1801 1040 2097 1109 ducamus,

191 1133 410 1212 quippe
453 1129 552 1207 qui
593 1146 660 1186 eo
701 1127 829 1204 ipso
875 1127 1198 1188 Cartesiana
1238 1149 1352 1188 non
1393 1129 1578 1186 solum
1618 1142 1675 1186 et
1714 1127 2101 1188 Leibnitziana

190 1221 298 1280 sed
359 1226 419 1278 et
479 1218 761 1276 Kantiana
818 1217 1244 1296 Hegelianaque
1298 1217 1577 1296 principia
1630 1217 1745 1277 duo
1801 1217 1915 1276 fere
1973 1225 2103 1276 ante

187 1309 386 1370 secula
421 1310 537 1382 jam
579 1306 943 1384 superaverit.
1007 1308 1135 1364 Hoc
1176 1327 1309 1368 vero
1336 1305 1715 1364 Leibnitzium
1747 1326 1859 1364 non
1887 1306 2103 1383 cepisse

190 1419 266 1458 ne
332 1398 634 1470 miremur,
705 1394 798 1453 eui
864 1395 1073 1466 „nimis
1113 1395 1174 1454 in
1213 1403 1433 1473 partem
1474 1395 1821 1455 necessitatis
1862 1395 2103 1472 Spinoze

188 1487 504 1546 inclinare’'
548 1486 698 1544 visus
739 1491 857 1553 est,
899 1483 1106 1562 cuique
1152 1483 1592 1556 „metuendum”
1623 1484 1949 1554 videbatur,
1997 1505 2103 1554 „ne

186 1578 274 1634 ita
317 1577 505 1634 Deum
548 1581 646 1632 aut
687 1573 950 1632 tollerent
981 1580 1080 1631 aut
1107 1573 1282 1630 instar
1308 1572 1593 1650 potentiae
1622 1572 1817 1632 brutae
1846 1574 2101 1633 conside·

187 1672 413 1733 rai-ent,
443 1662 664 1720 sublato
688 1661 971 1739 principio
1000 1661 1422 1720 convenientiae
1450 1681 1552 1720 seu
1570 1662 1833 1720 finalibus
1854 1661 2103 1720 causis.’'

187 1755 263 1813 In
322 1752 461 1830 ipsis
521 1752 671 1810 enim
728 1750 844 1809 illis
887 1750 1070 1810 causis
1111 1751 1353 1828 Deoque
1393 1750 1663 1811 tollendis
1704 1770 1898 1811 verum
1940 1751 2103 1811 nobis

185 1842 569 1921 philosophus
609 1839 856 1917 pretium
899 1860 1067 1899 suum
1110 1841 1355 1901 exhibet.

227 2002 444 2081 Scripsi
472 2002 810 2061 Deventrise
828 2046 845 2070 ,
878 2001 1016 2078 ipsis
1046 2002 1321 2081 Spinozae

273 2091 556 2150 natalibus
598 2091 817 2151 MDCC
830 2089 1028 2150 CLXI.
1534 2109 1581 2151 s.
1610 2108 1732 2153 vm
1759 2108 2015 2151 nomn.

239 2382 270 2427 1
329 2380 514 2428 Summo
566 2385 717 2427 tamen
766 2379 845 2427 ino
893 2379 1148 2427 discrimine
1196 2379 1315 2439 quod
1346 2380 1396 2427 in
1428 2380 1571 2439 ipsam
1602 2381 1905 2429 extensionem
1937 2389 2109 2429 motum.

163 2453 302 2499 illum
350 2450 642 2508 assumserit,
703 2450 822 2511 apud
874 2448 1127 2498 Cartesium
1175 2450 1357 2499 nonnisi
1404 2467 1433 2499 a
1480 2451 1581 2498 Deo
1631 2468 1656 2499 e
1704 2453 1910 2499 machina
1955 2468 2107 2513 proee-

161 2524 365 2571 dentem.
