2432 3554
1062 171 1180 228 335

171 337 313 394 quae
361 319 499 374 forte
538 337 648 375 non
686 319 870 374 minus
907 316 1221 390 placebunt.
1293 313 1457 368 Brevi
1498 329 1711 384 quoque
1747 311 1849 367 tibi
1888 318 2064 368 trans-

172 401 388 454 mittam
426 401 652 472 primam
680 403 888 470 partem
912 398 1150 468 Logiees
1176 415 1350 462 meae,
1396 415 1491 451 seu
1512 397 1825 450 Tractatum
1848 396 1915 450 de
1936 398 2064 452 rati-

169 499 276 535 one
314 479 641 542 excolenda,
683 480 740 534 in
767 497 874 550 qua
900 483 1058 550 parte
1085 479 1192 530 lma
1227 476 1473 532 describo
1500 475 1689 548 quales
1717 476 1871 529 dotes
1897 476 2065 531 animi

168 577 292 614 esse
331 560 563 614 debeant
600 561 680 622 ei,
732 561 826 630 qui
865 563 932 614 ad
973 559 1261 614 veritatem
1302 557 1656 628 detegendam
1702 575 1757 610 se
1788 556 2063 626 accingit;

169 643 228 696 in
282 639 373 696 2da
425 645 576 712 parte
633 641 766 694 artis
804 641 1118 694 inveniendi
1157 639 1434 711 generalia
1472 643 1758 709 praecepta
1796 638 2061 701 exhibeo:

167 723 228 777 in
267 724 332 776 3a
373 721 430 775 in
470 738 578 793 quo
617 720 860 791 subjecto
898 719 1231 781 exercenda,
1288 723 1344 772 et
1376 736 1481 790 qna
1507 720 1717 772 ratione
1744 718 2070 788 applicanda

167 803 286 857 sint
345 801 473 855 haec
523 805 830 871 praecepta.
908 800 1126 860 Quibus
1184 799 1319 855 visis
1357 799 1535 853 adhuc
1576 799 1767 854 melius
1806 799 2066 871 colligeS,

167 898 303 936 num
358 897 560 934 merear
583 923 596 942 ,
661 885 722 934 ut
774 880 906 933 mihi
948 884 1301 934 succurratur
1337 897 1401 933 ea
1438 879 1649 933 ratione
1686 895 1751 934 ac
1786 879 2065 944 desidero,

167 977 413 1032 numque
469 961 635 1014 etiam
691 959 952 1030 pecuniae
1013 958 1351 1012 desideratae
1404 959 1609 1012 frustra
1651 959 1710 1012 in
1750 977 1832 1012 me
1870 971 2071 1030 expen-

167 1043 407 1106 dantur,
447 1058 772 1113 quamquam
813 1040 944 1094 mihi
973 1038 1271 1110 persuadeo
1297 1039 1441 1092 inter
1466 1042 1550 1092 tot
1576 1056 1839 1108 expensas
1866 1039 2071 1110 Regias

168 1121 350 1178 multa
401 1121 573 1176 millia
611 1121 814 1193 absque
853 1119 968 1174 ulla
1007 1119 1249 1174 utilitate
1287 1117 1542 1189 dispergi.
1616 1118 1885 1172 Ultimum
1923 1121 2069 1190 quod

166 1220 304 1274 rogo
355 1207 470 1265 est,
529 1207 593 1256 ut
636 1201 823 1255 literas
862 1197 1233 1270 responsorias
1272 1197 1340 1251 ad
1382 1215 1463 1251 me
1501 1195 1639 1251 velis
1677 1196 1744 1253 D.
1784 1215 1889 1252 van
1928 1200 2073 1254 Gent

160 1283 566 1343 transmittere,
623 1281 750 1335 hine
787 1298 978 1350 nempe
1015 1298 1108 1335 eas
1145 1295 1333 1334 secure
1372 1279 1607 1349 recipio;
1662 1283 1717 1332 et
1755 1279 1899 1350 quod
1934 1280 2071 1336 velis

163 1365 485 1436 ignoscere,
527 1360 672 1434 quod
711 1377 821 1416 non
859 1361 1172 1416 erubescam
1211 1366 1325 1416 tam
1363 1359 1590 1432 prolixis
1624 1360 1831 1424 literis,
1870 1361 1979 1416 imo
2001 1364 2070 1418 ob

164 1442 436 1513 temporis
469 1441 781 1512 angustiam
819 1440 954 1494 adeo
994 1441 1293 1512 impolitiS,
1334 1445 1445 1494 tam
1483 1440 1691 1496 illustri
1728 1442 1848 1496 viro
1887 1441 2070 1497 nobile

163 1524 346 1578 otium
385 1519 754 1590 interpellare.
831 1518 1158 1576 Sollicitudo
1200 1523 1370 1586 haec,
1422 1538 1560 1591 quae
1600 1539 1681 1574 me
1723 1525 1896 1582 tenet,
1962 1539 2071 1576 non

164 1619 362 1675 parum
403 1600 702 1664 minuitur,
757 1599 1086 1654 reflectendo
1123 1602 1189 1656 ad
1232 1601 1537 1672 singulares
1575 1605 1699 1655 tuas
1738 1600 2067 1673 qualitateS,

165 1698 280 1756 qua
324 1680 494 1750 magis
531 1678 702 1733 realia
738 1679 981 1735 sectaris.
1056 1681 1276 1751 Optime
1316 1681 1429 1736 scio
1469 1680 1599 1735 haec
1651 1684 1811 1751 (quae
1850 1682 1897 1735 si
1936 1686 2070 1736 tem·

163 1779 272 1835 pus
313 1761 596 1831 permittat
637 1759 778 1813 haud
819 1757 1112 1815 difficulter
1147 1762 1533 1831 emendantur)
1570 1765 1625 1814 te
1658 1760 1800 1816 tanti
1828 1777 1937 1815 non
1960 1762 2070 1817 fac-

163 1848 387 1899 turum:
447 1837 714 1911 imprimis
769 1856 932 1910 rogo,
996 1844 1058 1894 ut
1105 1858 1188 1894 me
1225 1842 1365 1896 velis
1407 1840 1623 1911 dignari
1660 1840 1847 1895 eodem
1888 1842 2069 1897 favore

162 1922 460 1995 prosequi,
502 1938 611 1991 quo
649 1923 930 1974 aeternum
971 1919 1237 1974 hactenus
1270 1920 1406 1976 mihi
1432 1920 1719 1991 obligasti,
1760 1925 1950 1991 utpote
1974 1922 2070 1994 qui

163 2001 380 2074 gloriae
437 2017 679 2055 summae
735 2000 867 2055 mihi
922 2000 1023 2055 hoc
1071 2005 1301 2071 reputo,
1367 2004 1423 2056 et
1473 1999 1619 2072 quod
1656 2002 1844 2056 credas
1884 2018 1965 2055 me
2002 2020 2069 2057 ex

161 2082 388 2152 integro
427 2098 544 2135 esse
569 2122 584 2144 ‚

241 2160 617 2216 Illustrissimi
657 2177 721 2217 ac
757 2158 1105 2215 Nobilissimi
1143 2159 1267 2215 Viri

1053 2239 1124 2294 ad
1161 2242 1385 2312 quaevis
1424 2240 1599 2296 officia
1636 2239 1962 2311 praestanda

1235 2320 1599 2375 humillimum
1638 2337 1851 2373 servum

925 2400 1249 2455 Ehrenfried
1288 2399 1541 2456 Walther
1575 2398 1643 2453 de
1678 2398 2063 2456 Tschirnbaus.

599 2578 738 2635 Viro
772 2579 1133 2635 Nobilissimo
1170 2580 1593 2650 Clarissimoque

461 2660 559 2715 Ds.
601 2660 918 2722 Erenfrido‚
959 2660 1262 2715 Gualthero
1299 2660 1368 2715 de
1404 2659 1769 2715 Tsohirnhaus

709 2738 839 2794 Chr.
881 2740 1170 2811 Hugenius
1207 2738 1262 2795 S.
1298 2738 1363 2795 P.

243 2872 387 2926 Cum
414 2867 744 2939 exemplaria
769 2869 1038 2939 genuinae
1061 2868 1361 2923 medicinae
1384 2873 1509 2921 tuae
1530 2907 1543 2930 ,
1581 2868 1665 2921 vir
1684 2866 1738 2921 N
1741 2866 1881 2921 obme
1900 2872 2063 2943 atque

171 2949 534 3011 amicissime,
594 2949 840 3017 proximo
885 2948 1111 3005 Octobri
1161 2966 1343 3002 mense
1394 2966 1426 3001 a
1474 2946 1663 3003 Docto.
1718 2948 1915 3002 Gentio
1954 2968 2065 3005 una

167 3050 300 3087 cum
339 3027 517 3085 literis
535 3028 648 3083 tuis
673 3028 1004 3101 accepissem
1020 3066 1040 3092 ,
1077 3044 1142 3083 ea
1166 3028 1429 3083 continuo
1454 3026 1512 3081 in
1537 3025 1771 3081 Galliam
1801 3029 2065 3085 mittenda
