2432 3554
1293 214 1408 270 112

402 380 585 450 potest
645 393 899 433 numeros
952 374 1080 432 illos
1132 378 1370 448 quatuor
1424 375 1854 448 proportionales
1909 394 2027 432 esse
2081 375 2269 434 debere.

401 457 567 520 Quod
606 474 728 514 cum
766 457 847 513 ita
884 457 988 520 sit,
1041 455 1109 510 de
1146 473 1211 510 eo
1249 455 1608 511 nihilominus
1645 459 1907 528 tanquam
1942 457 2010 511 de
2048 474 2103 511 re
2137 461 2272 511 extra

400 557 456 592 se
495 537 769 610 loquitur:
809 535 1030 609 quando
1064 551 1199 590 vero
1233 534 1799 606 proportionalitatem
1828 536 2166 602 consideran
2201 535 2272 590 uti

398 617 456 673 in
514 621 709 690 quarto
758 615 1006 688 exemplo
1040 615 1417 680 ostendimus,
1475 614 1613 672 dicit
1649 632 1840 672 revera
1875 633 1987 671 rem
2025 617 2102 671 ita
2137 633 2270 680 esse,

399 697 599 770 quippe
654 714 791 769 quae
828 700 963 752 tunc
1000 695 1059 751 in
1096 711 1161 750 eo
1198 711 1300 750 nec
1335 697 1491 749 extra
1527 707 1648 750 eum
1688 697 1781 752 sit.
1857 695 2022 758 Quod
2062 695 2273 751 sufficiat

399 777 578 850 quoad
616 778 867 848 primum.

469 937 730 994 Secundus
764 935 989 991 effectus
1025 951 1187 990 verae
1223 933 1349 988 fidei
1386 933 1476 990 hic
1512 938 1630 998 est,
1669 935 1816 1008 quod
1855 952 1954 990 nos
1987 933 2056 990 ad
2081 933 2274 990 clarum

398 1016 566 1074 ducat
602 1015 943 1072 intellectum
982 1032 1091 1087 quo
1126 1016 1309 1071 Deum
1341 1033 1617 1079 amamus,
1659 1020 1716 1070 et
1740 1016 1820 1072 ita
1843 1013 2276 1071 intellectualiter

398 1114 725 1170 cognoscere
760 1096 931 1153 faciat
966 1113 1052 1151 res
1090 1113 1230 1167 quae
1266 1112 1377 1150 non
1414 1095 1472 1150 in
1509 1095 1670 1151 nobis
1707 1095 1802 1151 sed
1839 1098 1996 1151 extra
2019 1113 2120 1150 nos
2141 1103 2274 1150 sunt,
2383 1163 2385 1166 Α

474 1257 681 1314 Tertius
718 1255 945 1312 effectus
982 1259 1098 1320 est,
1162 1254 1309 1327 quod
1345 1255 1504 1310 nobis
1539 1255 1910 1328 cognitionem
1948 1255 2124 1327 pariat
2159 1253 2274 1310 boni

396 1343 452 1392 et
506 1336 668 1400 mali,
734 1335 999 1408 nobisque
1054 1334 1314 1390 ostendat
1348 1352 1536 1390 omnes
1572 1335 1853 1406 passiones
1891 1335 2276 1398 rescindendas.

394 1417 475 1472 At
510 1417 640 1488 quia
674 1420 841 1472 antea
878 1415 1119 1471 diximus
1156 1414 1438 1486 passiones
1475 1432 1542 1470 ex
1578 1416 1836 1487 opinione
1859 1416 2118 1472 oriundas
2143 1431 2275 1485 mag·

394 1515 467 1552 no
504 1497 781 1569 subjectas
818 1515 935 1553 esse
973 1496 1148 1560 malo,
1188 1495 1366 1566 pretio
1401 1494 1629 1568 dignum
1655 1501 1740 1551 est
1763 1496 1978 1560 videre,
2020 1494 2278 1568 quomodo

396 1578 563 1634 etiam
618 1576 861 1634 secunda
894 1576 1062 1633 hacce
1098 1573 1418 1646 cognitione
1456 1575 1868 1641 discernantur,
1927 1576 1996 1631 ad
2035 1576 2274 1646 detegen-

392 1657 522 1712 dum
560 1658 691 1730 quid
729 1658 789 1714 in
826 1658 895 1713 iis
935 1657 1136 1712 bonum
1174 1653 1526 1727 malumque;
1564 1655 1708 1728 quod
1747 1661 1810 1712 ut
1835 1660 1960 1728 apte
1985 1656 2269 1713 faciamus,

396 1756 481 1794 res
501 1781 517 1804 ,
570 1737 758 1795 eadem
798 1754 908 1811 qua
944 1741 1107 1793 antea
1144 1735 1230 1791 usi
1269 1736 1508 1799 ratione,
1551 1754 1580 1790 e
1617 1737 1922 1810 propinquo
1960 1731 2273 1805 contemple-

400 1836 555 1885 mur,
620 1822 685 1874 ut
738 1833 1163 1891 cognoscamus,
1227 1832 1491 1887 quaenam
1530 1834 1598 1871 ex
1633 1817 1704 1873 iis
1739 1835 1774 1872 a
1809 1817 1967 1873 nobis
2003 1814 2272 1887 eligendae

392 1917 659 1972 quaenam
699 1916 825 1954 vero
862 1898 1191 1971 rejiciendae
1229 1895 1357 1954 sint.
1431 1898 1742 1969 Antequam
1773 1900 1958 1952 tamen
1995 1897 2062 1951 ad
2103 1896 2157 1951 id
2195 1912 2273 1947 ve·

390 1978 684 2045 niendum,
728 1979 965 2036 breviter
1006 1978 1256 2035 dicamus
1297 1978 1430 2049 quid
1465 1980 1540 2033 sit
1576 1978 1810 2033 hominis
1847 1977 2048 2032 bonum
2087 1978 2142 2031 et
2161 1982 2273 2028 ma·
2381 2012 2383 2015 ι

390 2060 520 2117 lum.

461 2374 645 2430 Antea
674 2374 791 2445 jam
828 2373 1099 2437 diximus,
1144 2372 1327 2428 omnia
1364 2371 1768 2443 praedestinata
1806 2388 1980 2443 neque
2004 2368 2064 2425 in
2091 2375 2276 2425 natura

392 2455 589 2511 bonum
629 2472 745 2510 esse
784 2453 872 2509 vel
910 2452 1141 2517 malum;
1181 2452 1262 2509 ita
1301 2454 1362 2505 ut
1399 2451 1545 2523 quod
1585 2452 1707 2514 (hac
1744 2451 1802 2506 in
1842 2455 1923 2518 re)
1962 2448 2028 2505 de
2067 2449 2274 2503 homine

388 2535 643 2591 volumus
657 2572 676 2599 ‚
713 2534 833 2605 ejus
858 2533 1073 2606 generis
1099 2550 1216 2605 esse
1243 2531 1468 2596 debeat,
1496 2532 1642 2603 quod
1667 2548 1778 2586 non
1800 2530 1907 2585 nisi
1933 2547 2029 2584 ens
2056 2527 2276 2584 rationis

391 2620 493 2671 est.
553 2610 811 2669 Hominis
848 2612 1075 2685 perfecti
1115 2612 1238 2668 idea
1275 2610 1562 2671 intellectu
1601 2616 1789 2667 nostro
1826 2614 2090 2681 concepta
2121 2623 2276 2664 causa

388 2693 548 2755 nobis
603 2701 749 2748 esset
782 2692 1039 2758 videndi,
1092 2697 1306 2747 nosmet
1341 2692 1488 2762 ipsos
1525 2690 1998 2752 examinantibus.
2058 2706 2185 2743 num
2223 2687 2276 2741 in

389 2774 549 2829 nobis
610 2771 847 2829 medium
909 2772 1055 2827 adsit
1115 2773 1184 2827 ad
1245 2770 1412 2827 talem
1468 2772 1852 2844 perfectionem
1909 2766 2272 2842 perveniendi.

390 2856 577 2917 Quare
604 2855 819 2923 omnia,
846 2872 985 2928 quae
1010 2854 1079 2911 ad
1104 2854 1492 2927 perfectionem
1520 2853 1680 2908 istam
1702 2869 1801 2907 nos
1820 2848 2160 2913 conducant,
2191 2848 2273 2900 bo·
