2432 3554
1081 165 1196 226 315

175 331 308 392 rat,
369 325 474 382 sibi
521 325 676 381 nulla
711 329 926 399 praeter
963 325 1273 381 Demonstr.
1321 325 1379 380 in
1416 327 1449 380 1
1486 329 1541 380 et
1581 327 1613 380 2
1650 331 1857 396 partem
1893 324 2078 380 Princ.

175 407 418 476 Cartesij
476 423 593 462 esse
649 412 798 462 nota.
828 407 1128 468 ‚Caeterum
1167 405 1235 460 de
1271 405 1508 462 Domino
1544 405 1685 460 nihil
1721 409 1934 476 praeter
1963 403 2081 475 jam

173 491 340 544 dicta
376 487 594 552 retulit,
654 487 798 542 unde
837 492 1018 560 sperat
1055 486 1112 541 id
1149 487 1200 541 ei
1238 503 1452 558 quoque
1489 504 1599 541 non
1636 486 1913 557 ingratum
1950 487 2079 542 fore.

171 569 380 640 Nuper
414 567 706 638 Hagenius
743 571 990 622 nostrum
1026 566 1511 622 Tschirnhausium
1550 567 1620 622 ad
1656 585 1714 622 se
1752 567 1955 622 accersi
1982 581 2075 620 ou-

171 651 405 705 raverat
459 649 616 720 eique
670 646 1010 704 indicaverat
1047 647 1343 702 Dominum
1382 647 1605 703 Colbert
1640 647 1947 703 desiderare
1984 645 2083 700 ali-

172 747 380 800 quem,
418 726 536 800 {qui
572 725 691 798 ejus
728 727 902 782 filium
939 727 998 782 in
1035 727 1445 784 Mathematicis
1482 728 1803 792 instrueret,
1848 727 1992 798 quod
2032 726 2079 781 si

172 809 457 882 ejusmodi
512 809 757 864 conditio
807 810 856 864 ei
895 809 1188 868 arrideret,
1249 824 1365 860 eam
1405 813 1771 879 compararet3
1834 807 1903 860 ad
1940 824 2079 879 quae

173 895 375 946 noster
432 889 652 961 aliquod
711 888 996 944 dilationis
1039 893 1255 958 tempus
1291 890 1483 958 petens
1519 888 1741 943 tandem
1777 906 1833 942 se
1871 905 2081 958 promp-

173 976 301 1027 tum
361 968 752 1026 declaraverat.
828 969 1018 1039 Redijt
1071 967 1257 1040 itaque
1295 968 1586 1040 Hugenius
1624 985 1749 1024 cum
1787 985 2075 1040 response,

174 1050 326 1124 quod
389 1048 474 1104 D⁰
529 1047 754 1103 Colbert
807 1048 915 1103 ista
951 1047 1253 1120 propositio
1292 1049 1521 1104 maxime
1559 1050 1885 1120 placuisset,
1927 1065 2081 1120 prae·

172 1130 374 1186 sertim
411 1147 534 1185 cum
573 1145 642 1183 ex
677 1128 951 1200 imperitia
988 1128 1209 1199 linguae
1248 1128 1492 1184 Gallicae
1526 1129 1645 1200 ejus
1683 1130 1854 1185 filium
1880 1129 2081 1184 Latine

171 1207 393 1280 alloqui
449 1206 744 1262 tenebitur·
822 1207 914 1262 Ad
970 1209 1279 1281 nuperrime
1335 1210 1534 1264 factam
1574 1209 1932 1280 objectionem
1972 1224 2082 1262 res·

171 1290 428 1363 pendet,
468 1306 642 1360 pauca
678 1287 776 1344 illa
813 1288 1012 1355 verba,
1052 1307 1190 1362 quae
1222 1287 1383 1358 jussu
1410 1289 1633 1344 Domini
1660 1289 1977 1360 scripseram
2004 1291 2077 1357 ¹),

172 1373 282 1444 ipsi
349 1387 568 1425 sensum
625 1369 874 1425 intimius
931 1371 1206 1442 aperuisse
1266 1386 1427 1440 seque
1466 1370 1681 1424 easdem
1719 1369 2080 1441 cogitationes
2160 1430 2165 1440 1

164 1451 287 1524 jam
332 1451 494 1504 modo
530 1450 730 1506 fovisse
768 1449 1233 1523 (quandoquidem
1274 1449 1420 1504 hisce
1456 1448 1671 1504 duobus
1709 1450 1881 1504 modis
1912 1449 2082 1521 expli-

173 1533 454 1588 cationem
496 1526 784 1602 praecipue
823 1529 1170 1598 admittant);
1225 1530 1369 1601 quod
1394 1547 1521 1584 vero
1548 1547 1695 1590 eam,
1743 1547 1880 1602 quae
1907 1545 2080 1598 nuper

173 1613 230 1668 in
274 1611 587 1681 objectione
626 1614 743 1664 erat
781 1613 1068 1670 contenta,
1123 1613 1345 1663 secutus
1380 1610 1576 1672 fuerit,
1618 1611 1756 1664 duae
1795 1613 2081 1680 sequentes

175 1691 478 1748 effecerant
514 1690 786 1753 rationes,
827 1707 1054 1761 quarum
1081 1688 1289 1760 prima,
1328 1692 1472 1760 quod
1498 1690 1602 1746 sibi
1630 1690 1766 1745 alias
1792 1691 2083 1744 videantur

174 1769 462 1827 adversari
506 1788 659 1843 prop.
703 1773 734 1825 5
774 1774 829 1825 et
867 1769 900 1829 ¹7
939 1769 1031 1829 lib.
1071 1767 1166 1829 2di,
1238 1775 1308 1832 In
1346 1775 1518 1846 prima
1556 1790 1615 1827 n.
1658 1771 1846 1827 harum
1885 1769 2083 1827 statui·

173 1858 269 1909 tur
325 1852 512 1907 ideata
567 1868 684 1906 esse
741 1866 960 1906 causam
1017 1852 1263 1909 idearum
1302 1854 1655 1916 efficientem,
1714 1852 1858 1924 quod
1896 1855 2079 1907 tamen

173 1950 272 2003 per
333 1930 856 1985 demonstrationem
913 1934 1230 2003 posterioris
1276 1934 1493 1989 videtur
1530 1932 1709 1987 evinci
1749 1936 1967 2003 propter
2004 1933 2079 1987 ci-

175 2016 360 2066 tatum
418 2010 634 2064 axioma
673 2013 708 2064 4
747 2028 796 2081 p.
833 2012 887 2065 1.
915 2050 931 2075 ,
1005 2012 1108 2067 Vel
1150 2015 1323 2087 (quod
1360 2012 1494 2068 mihi
1531 2012 1715 2084 potius
1752 2012 2078 2083 persuadeo)

176 2092 608 2167 applicationem
659 2090 823 2162 hujus
861 2093 1152 2151 axiomatis
1185 2098 1349 2169 juxta
1385 2092 1631 2148 authoris
1669 2092 1941 2147 intentum
1969 2109 2077 2145 non

177 2178 330 2229 reete
384 2172 648 2237 instituo,
707 2172 854 2243 quod
911 2190 1041 2228 sane
1092 2174 1425 2246 perlibenter
1460 2173 1527 2227 ab
1565 2174 1714 2244 ipso,
1774 2174 1822 2228 si
1860 2174 2081 2244 negotia

176 2254 300 2323 ejus
364 2253 572 2314 ferant,
638 2252 992 2323 perciperem.
1081 2254 1364 2318 Secunda,
1428 2254 1719 2325 quominus
1780 2252 2077 2308 exhibitam

179 2332 603 2405 explicationem
647 2350 931 2404 sequerer,
973 2351 1139 2391 causa
1176 2336 1313 2391 fuit.
1354 2333 1499 2407 quod
1536 2332 1637 2387 hac
1674 2332 1885 2387 ratione
1922 2332 2079 2387 attri-

180 2410 380 2467 butum
437 2410 790 2483 cogitationis
846 2428 905 2467 se
945 2414 1118 2469 multo
1155 2414 1325 2470 latius
1362 2430 1522 2486 quam
1559 2411 1829 2467 attributa
1866 2414 2079 2466 caetera

179 2490 476 2547 extendere
515 2496 812 2547 statuatur.
879 2493 1018 2548 Cum
1057 2512 1186 2549 vero
1224 2491 1648 2565 unumquodque
1686 2492 2077 2546 attributorum
2118 2516 2125 2523 ·

181 2572 477 2627 essentiam
515 2570 622 2627 Dei
660 2572 994 2637 constituat,
1035 2592 1144 2629 non
1179 2574 1343 2628 video
1384 2590 1543 2637 sane,
1582 2590 1689 2644 qua
1724 2572 1933 2627 ratione
1973 2572 2075 2627 hoc

181 2650 312 2707 huic
361 2668 472 2705 non
509 2650 890 2709 contrarietur.
963 2652 1088 2710 Hoc
1125 2652 1319 2709 saltem
1357 2652 1579 2722 insuper
1616 2652 1827 2715 dicam,
1885 2652 1931 2705 si
1968 2650 2077 2706 alia

183 2730 408 2803 ingenia
470 2746 538 2785 ex
599 2731 744 2785 meo'
771 2730 1021 2801 judicare
1083 2733 1275 2799 liceat,
1336 2732 1733 2805 propositiones
1788 2731 1821 2790 ¹7
1877 2736 1933 2786 et
1970 2732 2075 2785 sam

182 2809 278 2869 lib.
335 2812 370 2865 2
426 2808 719 2865 admodum
755 2810 1046 2868 difficulter
1081 2814 1426 2871 intellectum
1462 2814 1565 2879 iri,
1620 2812 1785 2885 idque
1821 2830 1930 2867 non
1968 2811 2077 2868 alia

235 2976 430 3096 1334Illa
461 2991 618 3038 nempe
649 2992 762 3037 quae
791 2976 841 3025 in
871 2992 925 3041 ep
955 2976 1219 3040 vama,
1252 2982 1313 3029 18
1331 2980 1523 3042 Augusti
1541 2979 1777 3041 leguntur,
1807 2980 1925 3043 apud
1943 2982 2082 3029 Brud.

176 3061 221 3107 p.
348 3082 362 3097 .
