2432 3554
1300 245 1378 305 54

385 431 516 471 vero
553 415 638 466 est
673 411 791 482 ipsa
827 407 1088 482 perfectio
1126 406 1277 477 ejus,
1328 423 1423 478 per
1460 423 1623 478 quam
1660 412 1717 462 et
1754 407 1839 463 sui
1877 410 1933 463 et
1968 423 2063 480 per
2100 423 2301 464 conse-

387 492 667 570 quentiam
705 491 946 545 omnium
985 487 1216 542 aliarum
1256 504 1434 542 rerum
1474 505 1639 543 causa
1676 493 1777 543 est.

457 578 508 633 6.
577 573 730 628 Deus
768 567 916 624 solus
952 571 1038 622 est
1075 582 1242 622 causa
1266 567 1443 636 prima
1469 567 1553 622 vel
1582 568 1877 640 incipiens,
1922 568 2005 624 uti
2033 587 2099 623 ex
2128 583 2301 642 prae-

385 656 615 716 cedente
652 647 1116 705 demonstratione
1152 650 1321 716 patet.

457 735 510 796 7.
579 731 732 786 Deus
768 728 934 784 etiam
971 729 1054 780 est
1091 743 1258 780 causa
1287 727 1581 796 qeneralis,
1622 732 1679 782 at
1710 728 1769 783 in
1809 746 1873 783 eo
1899 733 2115 784 tantum
2139 729 2305 802 quod

387 815 540 874 varia
597 809 864 884 producat
899 822 1094 877 opera:
1155 804 1266 858 alio
1304 806 1463 877 modo
1499 806 1579 861 ita
1616 806 1725 863 dici
1765 809 1989 882 nequit,
2031 827 2153 864 nam
2196 827 2304 864 ne-

388 898 534 954 mine
571 907 709 962 opus
747 887 910 943 habet
945 884 1014 940 ad
1053 884 1278 940 effectus
1317 886 1715 957 producendos.

461 1056 511 1111 8.
584 1051 736 1104 Deus
773 1047 856 1100 est
894 1060 1058 1100 causa
1081 1044 1325 1114 proxima
1360 1061 1547 1099 eorum
1584 1061 1725 1116 quae
1762 1045 1979 1101 infinita
2016 1049 2071 1100 et
2094 1046 2307 1101 immu-

390 1131 584 1192 tabilia
621 1133 782 1190 sunt,
823 1127 880 1179 et
915 1141 1052 1196 quae
1085 1122 1152 1177 ab
1190 1140 1255 1177 eo
1291 1122 1604 1180 immediate
1642 1131 1827 1181 creata
1867 1124 2129 1188 dicimus:
2196 1127 2305 1180 sed

389 1229 557 1272 causa
593 1212 864 1281 postrema
902 1207 1016 1272 est,
1055 1207 1111 1258 et
1147 1201 1251 1258 hoc
1282 1203 1681 1274 quodammodo
1705 1207 1948 1261 omnium
1974 1223 2154 1260 rerum
2184 1205 2307 1260 sin-

389 1291 688 1368 gularium.

997 1597 1247 1654 CAPUT
1283 1597 1691 1658 QUARTUM.

879 1776 957 1815 nn
991 1775 1096 1817 nm
1130 1777 1384 1820 nemone
1420 1775 1798 1817 mensumn.

461 1924 644 1982 Deum
699 1921 949 1977 omittere
989 1938 1141 1991 posse
1179 1922 1239 1978 id
1274 1923 1421 1995 quod
1458 1922 1604 1993 agit,
1665 1938 1959 1992 negamus;
2017 1921 2169 1993 quod
2208 1922 2301 1976 de-

396 2002 819 2063 monstrabimus
855 1998 1076 2072 quando
1111 2000 1178 2055 de
1215 2003 1323 2058 Dei
1360 2000 1857 2075 praedestinatione
1893 2018 2148 2073 agemuS,
2205 2000 2302 2058 ubi

393 2084 744 2144 ostendemus
791 2078 975 2137 omnia
1011 2083 1317 2137 necessario
1354 2100 1387 2135 a
1423 2081 1603 2137 causis
1642 2080 1757 2135 suis
1796 2080 2047 2152 pendere.
2129 2080 2301 2141 Quod

391 2167 560 2223 etiam
615 2163 1021 2217 demonstratur
1075 2179 1143 2217 ex
1189 2161 1297 2217 Dei
1333 2160 1701 2233 perfectione,
1758 2161 1888 2232 quia
1926 2165 2082 2217 extra
2121 2160 2300 2217 ullum

393 2245 624 2303 dubium
685 2245 799 2305 est,
861 2239 1039 2295 Deum
1081 2242 1266 2297 omnia
1300 2260 1472 2315 aeque
1510 2242 1749 2314 perfecta
1786 2240 1993 2297 efficere
2030 2260 2191 2313 posse
2229 2260 2296 2298 ac

394 2328 452 2383 in
489 2325 617 2381 idea
651 2321 770 2392 ejus
807 2322 1069 2391 concepta
1108 2325 1271 2385 sunt;
1310 2326 1397 2388 et,
1439 2322 1523 2378 uti
1562 2339 1675 2387 res,
1716 2338 1855 2393 quae
1892 2321 1961 2376 ab
1986 2340 2051 2377 eo
2078 2323 2299 2394 concipi

397 2405 662 2479 possunt,
702 2418 812 2456 non
856 2398 1152 2471 perfectius
1190 2402 1407 2473 concipi
1444 2401 1657 2473 possint
1692 2418 1854 2472 quam
1882 2401 1998 2473 ipse
2023 2420 2091 2457 ea
2115 2405 2301 2459 conci·

397 2488 545 2558 piat,
605 2482 684 2539 sic
727 2478 911 2535 omnia
947 2482 1058 2532 tam
1096 2480 1333 2549 perfecte
1370 2480 1440 2537 ab
1478 2499 1541 2536 eo
1578 2480 1714 2535 effici
1754 2485 2015 2552 possunt,
2078 2490 2139 2535 ut
2179 2499 2301 2553 per·

396 2565 594 2623 sectius
649 2560 718 2616 ab
774 2575 838 2614 eo
892 2556 1161 2629 proficisci
1199 2564 1493 2631 nequeant.
1572 2560 1811 2621 Quando
1848 2564 2031 2615 autem
2070 2562 2300 2617 conclu-

395 2646 580 2701 dimus
613 2641 793 2696 Deum
832 2638 1082 2692 omittere
1121 2655 1232 2693 non
1270 2640 1513 2710 potuisse
1551 2640 1607 2695 id
1647 2639 1792 2712 quod
1832 2640 1974 2711 egit,
2016 2638 2119 2697 hoc
2148 2642 2216 2697 de
2236 2659 2305 2696 eo

397 2725 725 2781 affirmamus
761 2722 982 2792 propter
1018 2718 1137 2788 ejus
1174 2720 1593 2790 perfectionem,
1636 2722 1767 2793 quia
1803 2721 1861 2777 in
1900 2720 2016 2775 Deo
2053 2720 2113 2776 id
2152 2720 2303 2794 quod

399 2806 516 2878 agit
571 2803 822 2858 omittere
859 2799 1197 2869 imperfectio
1236 2806 1409 2867 esset,
1465 2819 1564 2858 nec
1602 2805 1785 2857 tamen
1822 2802 1881 2856 in
1918 2800 2035 2856 Deo
2075 2818 2301 2857 causam
