2432 3554
189 56 660 202 {Uias

139 252 688 418 5758}

208 473 596 638 lngg
741 545 1665 630 PRAEFATIO.

334 805 558 862 Novem
599 803 817 861 circiter
858 803 991 862 anni
1033 809 1164 863 sunt
1184 851 1202 876 ,
1266 827 1337 864 ex
1380 826 1493 884 quo
1534 805 1647 863 Ed.
1690 805 1969 863 Boehmer
1992 851 2006 874 ,
2066 805 2152 864 vir

250 893 648 962 doctissimae,
691 893 874 950 Halae
920 893 992 951 ad
1035 893 1221 952 Salam
1260 895 1602 954 lineamenta
1642 895 1821 952 edidit
1860 895 2152 952 Tractatus

252 983 560 1061 Spinozani
611 985 675 1040 de
715 984 838 1040 Deo
881 989 937 1040 et
983 983 1255 1055 Homine,
1313 1005 1457 1062 quae
1498 992 1769 1042 autumno
1810 983 2149 1060 praeceden-

249 1079 308 1130 te
326 1119 342 1142 ,
407 1079 626 1130 nostras
685 1071 1082 1150 perambulans
1135 1075 1484 1151 provincias,
1547 1073 1958 1132 Amstelodami
1998 1073 2152 1150 apud

247 1163 540 1220 literatum
579 1163 742 1220 illum
769 1161 1143 1240 bibliopolam
1161 1209 1176 1232 ‚
1222 1163 1586 1222 Fredericum
1623 1162 1931 1220 Mullerum
1948 1209 1962 1232 ‚
2005 1162 2152 1219 vitae

247 1251 587 1329 philosophi
643 1252 977 1311 Colerianae
1039 1253 1349 1329 exemplari
1396 1252 1656 1327 adjuncta
1694 1252 1804 1308 sibi
1844 1251 2154 1328 acquisive-

247 1345 358 1398 rat.
404 1342 538 1398 Non
567 1341 666 1399 diu
694 1347 824 1418 post
850 1341 1003 1399 idem
1031 1341 1129 1399 ille
1156 1341 1495 1418 bibliopola,
1526 1340 1585 1397 in
1614 1341 1871 1397 auctione
1898 1340 2150 1416 publica,

247 1430 700 1507 manuscriptum
743 1431 1027 1508 quendam
1062 1430 1272 1489 librum
1300 1429 1650 1498 inveniebat,
1694 1429 1934 1486 versioni
1961 1429 2155 1503 Belgi-

249 1539 352 1577 cae
380 1519 792 1596 Principiorum
823 1520 1221 1597 philosophiae
1251 1519 1604 1577 Cartesianae
1632 1518 1910 1586 additum,
1955 1537 2149 1594 quem,

245 1608 566 1666 accuratius
604 1607 954 1685 inspectum,
1001 1608 1295 1684 Belgicam
1335 1609 1647 1666 versionem
1681 1608 1967 1665 continere
1996 1607 2153 1665 vide-

244 1697 353 1754 bat
417 1697 666 1771 ejusdem
709 1697 982 1774 Spinozae
1028 1699 1351 1767 Tractatus,
1417 1697 1605 1755 seculo
1646 1695 1921 1753 anteriore
1962 1695 2149 1753 medio

243 1788 665 1865 praeterlaPSO,
730 1806 900 1845 manu
967 1788 1305 1846 nitissidime
1368 1787 1630 1863 scriptam
1650 1832 1663 1855 ,
1726 1786 1929 1862 cuique
1964 1784 2150 1861 philo-

245 1876 421 1953 sophi
459 1874 573 1933 vita
591 1922 606 1945 ,
649 1876 719 1933 ab
763 1877 960 1934 eadem
1009 1897 1178 1935 manu
1219 1874 1470 1951 profecta
1508 1876 1731 1951 piisque
1765 1873 2148 1950 compilatoris

244 1964 736 2022 observationibus
777 1965 1021 2036 munita,
1066 1965 1374 2042 praemissa
1415 1971 1549 2023 erat.
1619 1962 1788 2021 Brevi
1827 1969 1957 2039 post
1994 1963 2147 2021 idem

235 2054 331 2111 vir
371 2054 629 2111 literatus
668 2052 728 2110 in
766 2054 1279 2131 Orphanotropheo
1308 2052 1874 2129 Teleiobaptistarum
1902 2052 2148 2110 Amstel-

233 2142 562 2199 lodamensi
625 2144 690 2199 de
755 2143 1150 2219 OranJe-appel
1201 2144 1475 2221 inscripto
1540 2146 1729 2219 (antea
1790 2162 1985 2201 eorum
2050 2143 2150 2222 qui

242 2232 618 2305 Colleyianten
659 2232 900 2290 audiunt
919 2224 966 2303 ,¹
982 2232 1052 2289 de
1083 2252 1323 2309 quorum
1354 2252 1479 2290 cum
1511 2233 1751 2308 Spinoza
1771 2233 2149 2292 familiaritate

234 2320 315 2379 cf.
368 2322 593 2379 Collect.
629 2327 658 2391 ξ
688 2325 750 2395 4)
777 2341 1008 2379 manum
1036 2322 1229 2398 injecit
1256 2321 1313 2379 in
1343 2321 1644 2378 nonnullas
1665 2322 1986 2399 philosophi
2008 2322 2148 2381 ami-

231 2428 555 2486 corumque
597 2410 864 2486 epistolas
903 2411 1280 2487 autographas
1320 2409 1533 2467 ibidem
1562 2417 1822 2469 servatas.
1885 2410 2147 2487 Duplicis

229 2499 415 2574 hujus
469 2498 682 2556 inventi
727 2498 797 2557 ab
839 2518 906 2556 eo
947 2500 1151 2557 certior
1191 2498 1372 2557 factus
1391 2544 1405 2567 ,
1469 2500 1799 2576 chartasque
1840 2507 1895 2556 et
1934 2498 2143 2556 librum

229 2588 510 2645 evolvens
539 2606 683 2664 quae
713 2586 884 2657 mihi,
928 2594 992 2645 ut
1018 2588 1355 2664 inspicerem
1371 2635 1393 2665 ,α
1431 2589 1690 2657 miserat,
1722 2588 1987 2665 epistolas
2014 2588 2143 2645 illas

225 2683 464 2753 partem
521 2695 643 2734 esse
693 2695 884 2733 earum
929 2677 1074 2745 vidi,
1134 2697 1278 2754 quae
1320 2697 1553 2754 operum
1597 2678 1869 2753 Spinozae
1908 2677 2141 2753 posthu-

223 2784 466 2823 morum
511 2764 824 2823 editoribus
865 2766 937 2823 ad
980 2784 1209 2823 manum
1251 2766 1405 2823 fuere
1424 2811 1439 2835 ,
1482 2766 1553 2823 ab
1592 2765 1664 2821 iis
1706 2784 1837 2822 vero
1879 2784 1982 2823 nec
2021 2784 2139 2822 om-

221 2876 338 2913 nes
371 2874 478 2913 nec
506 2855 841 2931 plerumque
868 2855 1120 2930 integrae
1148 2855 1333 2913 editae
1356 2862 1504 2913 sunt.
1550 2855 1721 2931 Quod
1748 2855 1820 2912 ad
1848 2855 2139 2912 Tractatus

221 2944 560 3002 versionem
603 2962 721 3000 rem
765 2963 825 3000 se
865 2944 1071 3002 habere
1112 2943 1399 3013 intellexi,
1439 2944 1525 3002 uti
1554 2944 1801 3003 Mullero
1827 2944 2140 3012 videbatur,

221 3052 485 3110 eamque
527 3031 724 3089 eadem
766 3031 930 3090 nobis
973 3032 1044 3091 de
1086 3034 1211 3091 Deo
1253 3034 1594 3109 homineque
1634 3033 1855 3108 integra
1880 3032 2140 3089 exhibere

222 3123 463 3199 capita,
509 3140 750 3199 quorum
791 3122 1142 3179 Boehmerus
1181 3121 1524 3180 lineamenta
1563 3122 1622 3178 in
1648 3122 1831 3179 lucem
1857 3120 2139 3198 produxe-
