2432 3554
1274 68 1392 127 246

386 237 626 291 creatam
646 270 661 293 ,
700 225 830 301 quia
865 225 924 281 in
963 242 1020 279 se
1056 224 1326 296 objective
1365 224 1530 281 habet
1555 225 1847 280 essentiam
1865 225 2125 281 formalem
2147 244 2232 281 om-

386 315 541 370 nium
581 326 791 369 rerum.
834 323 935 361 nec
977 311 1209 376 augetur
1242 309 1340 361 aut
1365 305 1708 362 diminuitur.
1758 305 2072 363 Notandum
2093 308 2230 369 enim,

384 388 817 449 modificationes
855 384 1193 456 praedictas,
1233 385 1338 441 etsi
1375 402 1560 439 earum
1580 384 1735 440 nulla
1755 384 1920 441 realis
1947 387 2049 449 sit,
2086 392 2232 441 tamen

383 470 687 545 aequaliter
740 470 1155 535 comprehensas
1204 483 1322 520 esse
1357 465 1417 521 in
1455 482 1640 519 earum
1675 464 1994 529 attributis;
2047 471 2100 521 et
2129 466 2234 536 quia

385 569 487 607 uec
524 550 583 606 in
621 546 906 602 attributis
942 560 1043 599 nec
1080 544 1138 599 in
1176 562 1364 599 eorum
1391 544 1888 599 modificationibus
1914 545 2237 617 inaequalitas

385 638 500 699 est,
562 647 737 701 neque
772 628 833 683 in
869 624 995 681 idea
1037 624 1212 679 ullum
1251 643 1367 681 esse
1404 628 1584 696 potest
1621 625 1982 696 particulare,
2035 627 2161 697 quod
2193 626 2237 681 in

383 716 583 769 natura
618 726 729 763 non
767 710 926 763 esset.
985 704 1098 759 Ubi
1134 718 1264 759 vero
1299 703 1648 777 particularis
1685 703 1804 773 ejus
1841 705 2126 761 existe—ntia
2149 704 2235 759 affi·
2329 718 2331 749 ἔ

384 794 531 849 citur
582 787 652 844 ab
690 786 875 858 aliqua
912 784 1314 839 modificatione
1350 801 1676 857 quocunque
1715 784 1874 839 modo
1909 785 2156 839 distincta
2185 782 2240 837 ab

386 868 672 928 attributis
728 865 849 937 ejus
904 863 1059 935 (quia
1096 864 1444 934 particularis
1480 864 1600 933 ejus
1637 864 1964 930 existentia,
2019 871 2164 936 quam
2193 863 2237 919 in

384 949 656 1007 attributo
696 944 889 1008 habet,
949 942 1069 1013 ejus
1105 943 1374 999 essentiae
1412 942 1716 1015 subjectum
1753 947 1900 1015 est),
1949 943 2238 1017 particulare

386 1027 662 1102 quoddam
700 1042 757 1079 se
794 1023 853 1078 in
891 1020 1356 1078 modificationum
1383 1023 1626 1079 ostendit
1647 1024 1902 1079 essentiis
1919 1064 1936 1085 ,
1975 1028 2030 1079 et
2053 1022 2235 1095 perinde

385 1111 445 1167 in
501 1104 755 1162 essentiis
798 1101 1119 1172 objectiviS,
1173 1120 1314 1174 quae
1351 1103 1655 1159 necessario
1691 1120 1877 1157 earum
1916 1104 1975 1159 in
2011 1103 2236 1157 attributo

384 1187 663 1259 cogitante
700 1180 1252 1253 comprehenduntur.
1310 1182 1469 1243 Quae
1506 1200 1674 1239 causa
1709 1187 1821 1249 est,
1863 1200 1962 1238 our
1995 1182 2052 1239 in
2086 1181 2235 1237 defiui-

384 1268 537 1323 tione
576 1262 755 1319 verbis
792 1261 940 1317 hisce
978 1260 1063 1315 usi
1102 1260 1304 1327 simus,
1345 1262 1492 1334 quod
1518 1280 1700 1327 mens,
1741 1262 1866 1317 idea
1903 1262 2017 1319 sive
2041 1261 2236 1319 essentia

386 1345 661 1417 objectiva
686 1343 858 1415 (quod
884 1340 1016 1397 mihi
1044 1340 1185 1395 idem
1206 1343 1317 1411 est)
1342 1342 1398 1397 in
1425 1341 1693 1397 attributo
1718 1342 1996 1413 cogitante
2015 1342 2234 1415 originem

384 1429 555 1483 ducat
579 1442 645 1479 ex
672 1422 910 1477 essentia
934 1419 1137 1491 objecti
1163 1421 1222 1476 in
1248 1425 1446 1477 natura
1471 1420 1692 1476 realiter
1712 1422 2014 1481 existentis.
2057 1420 2235 1483 Quibus

386 1508 523 1563 satis
579 1503 913 1575 explicatum
967 1500 1260 1565 habemuS,
1319 1500 1582 1573 quidnam
1621 1519 1772 1557 mens
1805 1502 2124 1573 generaliter
2153 1501 2234 1560 sit,

386 1589 536 1643 dicto
574 1602 686 1639 non
725 1583 883 1639 modo
920 1580 1074 1637 ideas
1096 1580 1504 1653 intelligentes,
1543 1598 1683 1653 quae
1707 1598 1776 1635 ex
1801 1582 2070 1653 corporeis
2089 1580 2236 1637 oriun·
2333 1596 2335 1645 3

390 1674 479 1723 tur
516 1661 1041 1724 modificationibus,
1082 1660 1178 1715 sed
1214 1664 1272 1716 et
1296 1660 1425 1716 illae
1451 1678 1588 1732 quae
1613 1660 1868 1715 oriuntur
1897 1661 1964 1715 ab
1989 1660 2236 1717 existentis

388 1744 477 1817 cuj
488 1760 766 1815 uscunque
805 1739 1225 1798 modificationis
1259 1745 1566 1798 ceterorum
1603 1740 2013 1799 attributorum.

459 2308 598 2363 Cum
623 2309 809 2362 autem
834 2306 1137 2360 ceterorum
1162 2302 1555 2360 attributorum
1580 2320 1690 2360 non
1715 2303 1911 2368 talem,
1951 2303 2152 2377 qualem
2172 2316 2243 2354 ex·

388 2386 658 2444 tensionis
668 2425 687 2451 ‚
744 2384 1115 2456 cognitionem
1152 2382 1447 2438 habeamus
1466 2421 1486 2448 ‚
1523 2383 1808 2438 videamus
1838 2384 1985 2452 Jam,
2035 2400 2152 2440 num
2182 2382 2246 2434 at·

387 2467 677 2522 tendentes
732 2464 802 2518 ad
858 2462 1195 2518 extensionis
1234 2462 1690 2518 modificationem
1727 2463 1978 2518 invenire
2012 2461 2246 2536 possimus

382 2545 757 2604 definitionem
812 2541 1284 2614 particulariorem
1335 2541 1616 2614 magisque
1669 2542 1987 2614 adaptatam
2021 2541 2086 2598 ad
2120 2555 2246 2594 meu·

388 2627 531 2682 tium
578 2625 890 2680 nostrarum
934 2623 1230 2678 essentiam
1266 2621 1708 2693 exprimendam3
1772 2621 1876 2680 hoc
1913 2622 2053 2678 enim
2085 2631 2248 2674 revera

388 2705 551 2762 nobis
587 2705 645 2760 in
684 2703 961 2774 proposito
996 2705 1096 2759 est.

462 2783 830 2855 Supponimus
885 2781 1071 2853 itaque
1124 2784 1385 2852 tanquam
1425 2797 1538 2834 rem
1576 2781 2028 2844 demonstratam.
2085 2779 2140 2838 in
2171 2790 2246 2828 ex·

390 2864 641 2918 tensione
696 2860 905 2916 nullam
958 2860 1123 2916 aliam
1180 2877 1298 2916 esse
1345 2859 1797 2916 modificationem
1836 2861 1946 2917 nisi
1984 2863 2172 2916 motum
2202 2853 2248 2905 et

393 2941 630 3014 quietem
645 2983 663 3006 ,
702 2944 759 2996 et
793 2956 1191 3012 quamcumque
1227 2957 1340 2996 rem
1377 2959 1690 3014 corpoream
1727 2943 2104 3015 particularem
2123 2930 2246 2994 nihil

2327 6 2329 153 1

2326 194 2329 275 ι
