2432 3554
1345 178 1462 236 226

452 339 751 402 consistat3
792 338 938 410 quod
976 343 1039 393 ut
1072 339 1270 393 faciam
1297 345 1586 411 sequentes
1611 341 2010 412 propositiones
2037 380 2056 407 ,
2091 346 2341 413 tanquam

454 440 541 477 res
574 427 753 479 certas
786 429 843 475 et
879 421 1277 476 demonstratas
1299 464 1312 483 ,
1353 421 1656 477 adhibebo:

524 582 575 637 1.
650 584 778 642 Quo
814 598 901 636 res
937 579 1060 651 plus
1096 581 1365 637 esseutiae
1404 580 1593 647 babet,
1633 599 1699 635 eo
1739 581 1864 652 plus
1908 580 2072 636 etiam
2114 582 2334 637 actionis

450 661 825 733 passionisque
879 660 1039 715 habet
1078 661 1291 723 minus;
1349 665 1557 717 certum
1595 661 1741 716 enim
1784 665 1872 715 est
1905 665 2158 733 agentem
2195 680 2337 732 agere

450 741 548 797 illo
584 741 730 815 quod
766 740 959 803 habet,
999 740 1300 811 patientem
1337 758 1466 795 vero
1502 741 1618 812 pati
1655 758 1722 795 eo
1757 740 1905 812 quod
1943 758 2052 795 non
2089 740 2270 797 habet.

519 980 571 1033 2.
648 977 841 1033 Omnis
894 978 1075 1049 passio
1127 994 1267 1049 quae
1323 996 1356 1033 a
1394 995 1504 1034 non
1539 978 1770 1033 essendo
1810 979 1880 1033 ad
1919 979 2214 1034 essendum
2255 978 2325 1033 vel

448 1058 517 1113 ab
553 1058 781 1113 essendo
816 1057 887 1112 ad
925 1076 1035 1113 non
1071 1058 1362 1114 essendum
1387 1064 1499 1123 est,
1543 1060 1839 1129 procedere
1865 1059 2030 1113 debet
2057 1058 2128 1113 ab
2149 1066 2330 1130 agente

448 1144 674 1193 externo
715 1155 825 1193 non
861 1154 990 1194 vero
1026 1138 1096 1193 ab
1131 1139 1384 1201 interum
1434 1138 1590 1195 nulla
1626 1139 1774 1193 enim
1815 1156 1902 1193 res
1940 1156 2039 1209 per
2077 1157 2135 1192 se
2171 1136 2327 1193 cousi-

448 1217 638 1271 derata
690 1218 749 1271 in
796 1236 853 1271 se
879 1234 1098 1273 causam
1134 1218 1302 1273 habet
1336 1236 1394 1273 se
1429 1219 1784 1284 destruendi,
1844 1220 2066 1293 quando
2105 1224 2221 1284 est,
2259 1217 2326 1273 vel

457 1296 723 1351 efficiendi
761 1303 825 1351 ut
860 1315 971 1353 non
1008 1297 1099 1353 sit.

517 1456 571 1509 3.
646 1456 1029 1527 Quodcunque
1072 1474 1182 1511 non
1227 1456 1294 1511 ab
1347 1457 1589 1513 externis
1629 1458 1812 1513 causis
1853 1457 2194 1529 productum
2229 1463 2316 1517 est,

446 1550 569 1589 cum
626 1534 695 1590 iis
750 1536 1185 1591 communionem
1242 1536 1438 1591 habere
1494 1537 1718 1609 nequit,
1783 1554 1952 1609 quare
2008 1537 2078 1591 ab
2127 1537 2198 1591 iis
2237 1551 2316 1590 nec

448 1616 649 1671 mutari
704 1632 804 1671 nec
858 1613 1181 1671 commutari
1236 1618 1455 1686 poterit.
1527 1616 1612 1672 Ex
1649 1615 1742 1672 112
1781 1623 1837 1673 et
1873 1616 2000 1673 111⁸
2036 1634 2184 1689 prop.
2220 1632 2322 1671 eon-

446 1693 637 1751 cludo:

515 1780 566 1832 4.
639 1774 838 1832 Omnia
889 1795 922 1831 a
970 1793 1135 1832 causa
1189 1776 1524 1832 immanente
1577 1776 1666 1832 vel
1716 1777 1936 1833 interna
1995 1775 2159 1850 (quod
2207 1772 2318 1830 mihi
2376 1829 2377 1832 ,

447 1873 617 1911 unum
655 1861 758 1920 est)
790 1856 1057 1930 producta
1091 1856 1304 1912 destrui
1341 1856 1430 1911 vel
1473 1859 1675 1913 mutari
1722 1861 2039 1929 nequeunt,
2086 1854 2316 1929 quamdiu

444 1953 612 1992 causa
647 1954 712 1991 ea
748 1945 968 1999 manet:
1020 1935 1132 1992 tale
1170 1936 1316 1992 enim
1355 1937 1682 2008 productum
1700 1979 1715 2002 ‚
1759 1937 1842 1992 uti
1883 1954 1996 1993 non
2033 1934 2264 2008 procedit
2291 1951 2316 1985 a

447 2017 629 2072 causis
682 2017 951 2082 externis,
996 2017 1198 2072 mutari
1249 2018 1416 2071 etiam
1453 2017 1644 2088 nequit
1686 2034 1782 2088 per
1823 2017 2116 2072 secundam
2151 2031 2316 2088 propo·
2371 2017 2373 2020 ⁴

448 2099 717 2155 sitionem.
789 2098 863 2153 Et
916 2099 1046 2170 quia
1100 2098 1255 2153 nulla
1312 2096 1536 2152 omnino
1592 2114 1680 2152 res
1737 2096 1846 2155 nisi
1885 2097 2126 2152 externis
2161 2092 2314 2150 causis

446 2176 655 2232 destrui
692 2183 903 2249 potest,
964 2176 1300 2250 impossibile
1339 2182 1424 2232 est
1461 2176 1796 2248 productum
1835 2176 1979 2232 illud
2016 2175 2182 2249 perire
2213 2190 2312 2246 pos·

448 2275 537 2322 se,
578 2257 839 2330 quamdiu
876 2274 1042 2313 causa
1077 2257 1196 2328 ejus
1236 2257 1418 2312 duret.

518 2497 570 2549 5.
646 2493 828 2550 Causa
878 2494 1205 2550 liberissima
1246 2499 1304 2549 et
1340 2511 1478 2566 quae
1516 2493 1635 2549 Deo
1672 2494 1882 2565 optime
1920 2493 2194 2566 respondet
2226 2490 2314 2543 im·

448 2591 674 2628 manens
710 2581 825 2637 est;
875 2575 945 2629 ab
980 2574 1079 2629 illa
1114 2577 1261 2630 enim
1299 2591 1465 2632 causa
1501 2573 1831 2646 productum
1875 2576 1958 2631 ita
1995 2574 2205 2646 pendet,
2261 2583 2318 2624 ut.

446 2653 565 2708 sine
619 2652 718 2708 illa
771 2671 873 2710 nec
925 2655 1158 2710 existere
1205 2671 1309 2710 nec
1363 2654 1579 2725 concipi
1617 2654 1792 2725 possit
1811 2694 1828 2718 ,
1891 2671 1994 2711 nec
2027 2653 2176 2710 etiam
2203 2655 2316 2721 (per

445 2732 563 2789 IIm
607 2738 663 2788 et
699 2732 850 2790 IIIm
872 2737 1049 2806 prop.)
1074 2734 1168 2790 alii
1196 2751 1395 2790 causae
1421 2733 1727 2805 subjectum
1759 2735 1868 2799 sit;
1918 2741 2177 2808 praeterea
2195 2747 2306 2785 oum

444 2810 544 2867 illa
579 2829 644 2867 ea
678 2813 890 2868 ratione
915 2814 1133 2870 unitum
1168 2818 1283 2880 est,
1321 2819 1388 2870 ut
1422 2817 1602 2870 totum
1640 2831 1765 2870 cum
1807 2814 1906 2870 illa
1930 2831 2091 2871 unum
2112 2809 2306 2866 efficiat.

520 3042 605 3100 Ex
639 3047 891 3104 omnibus
927 3049 1074 3104 hisce
1110 3049 1574 3122 propositionibus
1604 3051 1722 3123 jam
1765 3051 2108 3110 concludam:
