2432 3554
1275 177 1394 235 206

383 351 489 389 nus
543 334 783 403 perfecta
836 336 939 401 sit,
996 352 1061 391 eo
1098 339 1155 391 et
1190 336 1328 393 unio
1361 337 1624 411 ideaeque
1659 339 1888 397 effectus
1923 355 2042 395 cum
2076 337 2175 394 iila«
2191 354 2238 393 re

387 414 475 467 vel
529 430 653 471 cum
708 416 831 472 Deo
883 417 1018 489 ipso.
1088 416 1229 473 Cum
1285 418 1435 473 enim
1489 420 1608 473 tota
1667 422 1868 473 natm
1912 415 2117 471 nonnisi
2149 432 2238 474 una

388 494 695 550 substantia
732 496 837 561 sit,
874 496 1033 566 cujus
1068 496 1312 551 essentia
1346 495 1568 553 infinita
1599 500 1714 559 est,
1759 513 1947 551 omnes
1983 495 2142 565 igitur
2169 510 2238 549 res

390 592 428 629 a
470 580 669 629 natura
715 576 1011 639 uniuntur,
1075 578 1242 649 inque
1279 591 1449 632 unum
1488 575 1790 641 uniuntur,
1848 594 2040 647 nempe
2069 575 2240 631 Deum.

386 651 461 707 Et
512 654 641 725 quia
694 671 891 725 corpus
944 656 1177 727 primum
1235 660 1318 713 est
1372 656 1517 727 quod
1575 672 1726 709 mens
1783 658 1977 710 nostra
2008 654 2238 725 percipit,

387 750 510 789 cum
550 737 661 804 (uti
698 736 907 793 dictum
945 740 1053 807 est)
1090 737 1232 793 nihil
1267 736 1322 793 in
1361 740 1560 791 natura
1583 752 1702 790 esse
1728 736 1932 806 possit,
1975 734 2126 804 cujus
2143 733 2246 789 ides

390 814 448 869 in
496 832 554 871 re
602 816 882 886 cogitante
932 835 1041 873 non
1086 818 1185 883 sit,
1245 834 1384 889 quae
1421 816 1546 871 idea
1583 814 1702 885 eju-s
1741 816 1819 870 rei
1859 814 1984 869 idea
2019 818 2126 879 est,
2177 830 2246 867 res

394 895 491 949 illa
546 896 854 952 necessario
888 898 1061 968 prima
1098 914 1266 953 causa
1302 896 1456 951 ideae
1495 912 1612 949 esse
1649 893 1812 949 debet
1834 900 1889 960 ι).
1965 894 2108 955 Quia
2139 910 2244 947 vero

390 975 545 1030 nulla
598 975 723 1031 idea
758 977 817 1031 in
854 978 1169 1048 cognitione
1205 976 1448 1048 corporis
1485 976 1764 1046 quiescere
1804 978 2014 1043 potest,
2071 974 2167 1029 nisi
2199 973 2244 1027 in

392 1054 511 1125 ejus
566 1056 937 1127 cognitionem
997 1060 1274 1120 transeat,
1333 1057 1452 1111 sine
1503 1072 1613 1125 quo
1652 1072 1754 1109 nec
1791 1070 1990 1124 corpus
2027 1070 2122 1109 nec
2150 1052 2250 1107 idea

389 1136 509 1205 ejus
546 1136 777 1191 existere
815 1136 904 1191 vel
940 1137 1153 1207 concipi
1180 1136 1423 1207 possint,
1463 1151 1588 1189 cum
1615 1134 1712 1188 illo
1739 1136 1906 1189 etiam
1925 1178 1938 1199 ‚
1969 1132 2246 1204 cognitione

391 1216 568 1276 facta,
629 1216 814 1270 statim
854 1232 1034 1271 amore
1074 1216 1280 1271 unitur.
1351 1214 1511 1274 Quae
1551 1213 1682 1269 unio
1720 1212 1916 1267 melius
1951 1211 2248 1281 intelligitur

392 1294 805 1367 concipiturque
832 1313 1096 1367 quaenam
1128 1314 1248 1365 esse
1273 1294 1470 1349 debeat
1487 1336 1502 1357 ,
1541 1312 1611 1347 ex
1635 1293 1851 1349 actione
1877 1310 2001 1349 cum
2027 1307 2241 1363 corpore.

392 1376 451 1429 in
507 1393 615 1446 qua
671 1376 816 1429 enim
872 1376 1151 1437 videmuS,
1206 1375 1480 1446 quomodo
1533 1374 1847 1443 cognitione
1909 1377 1966 1427 et
2001 1370 2250 1427 affectibus

392 1471 569 1509 rerum
608 1472 1015 1526 corporearum,
1058 1457 1117 1510 in
1154 1454 1312 1509 nobis
1349 1454 1590 1511 existant
1627 1470 1814 1507 omnes
1849 1452 1982 1507 illae
2005 1452 2242 1511 actiones,

393 1552 529 1605 quas
566 1535 621 1588 in
666 1551 889 1606 corpore
930 1538 1150 1599 nostro,
1192 1533 1485 1605 spirituum
1525 1537 1706 1597 motu,
1749 1533 2014 1589 continuo
2049 1529 2250 1602 percipi·

394 1629 544 1673 mus:
601 1618 975 1683 quantumque
1030 1612 1153 1667 ideo
1209 1612 1710 1685 incomparabiliter
1769 1612 2000 1683 majores
2043 1620 2094 1665 et
2127 1626 2245 1679 mag-

394 1692 763 1747 nificentiores
816 1710 934 1747 esse
992 1692 1228 1748 debeant
1275 1694 1404 1749 illae
1441 1693 1685 1749 actiones
1723 1708 1791 1749 ex
1830 1692 2030 1749 unione
2065 1691 2153 1745 illa
2183 1704 2246 1745 er·

392 1775 510 1836 tae,
550 1772 768 1844 quando
804 1772 1046 1844 cognitio
1083 1776 1138 1827 et
1174 1789 1324 1827 amor
1364 1779 1550 1829 nostra
1585 1772 1643 1828 in
1680 1770 1820 1828 illud
1859 1772 2116 1838 tendent,
2153 1769 2248 1824 sine

396 1868 505 1924 quo
561 1857 682 1908 nec'
710 1853 945 1908 existere
1004 1870 1105 1908 nec
1139 1852 1355 1924 concipi
1393 1853 1694 1924 possimus:
1758 1852 1885 1907 illae
1921 1854 2064 1908 enim
2099 1865 2248 1908 neces-

390 2461 613 2508 infinitum
646 2462 849 2523 quodque
880 2461 969 2508 Dei
1006 2461 1146 2510 filium
1177 2464 1471 2520 vocabamus,
1512 2462 1569 2508 ab
1600 2461 1722 2509 omni
1755 2461 2021 2508 aeternitate
2049 2461 2095 2507 in
2122 2462 2251 2506 natura

392 2549 488 2580 esse
518 2533 697 2591 debere3
733 2549 830 2580 cum
864 2534 982 2580 enim
1020 2533 1144 2580 Deus
1164 2533 1232 2580 -ab
1263 2537 1444 2580 aeterno
1477 2531 1639 2591 fuerit,
1690 2535 1787 2592 eJus
1825 2531 1925 2578 idea
1957 2546 2122 2591 quoque
2148 2527 2187 2574 in
2215 2539 2250 2569 re

393 2603 619 2663 cogitante
648 2605 679 2650 i.
696 2621 736 2651 e.
752 2605 801 2651 in
832 2618 886 2650 eo
920 2605 1019 2666 ipso
1058 2605 1114 2652 ab
1144 2609 1328 2651 aeterno
1358 2619 1456 2650 esse
1487 2602 1616 2650 debet
1626 2621 1640 2660 3
1673 2617 1786 2662 quac
1816 2603 1916 2650 idea
1949 2602 2148 2662 obieci-ive
2174 2610 2250 2644 eum

395 2673 493 2733 ipso
527 2673 750 2720 convenit.

462 2823 509 2878 1)
572 2822 613 2868 Ι.
661 2837 700 2868 e.
748 2823 792 2868 in
844 2829 989 2870 mente
1036 2827 1218 2879 nostra,
1266 2823 1429 2883 qnippe
1473 2839 1585 2886 quae
1615 2823 1817 2883 corporis
1850 2822 1946 2869 idea
1978 2823 2033 2869 sit
2064 2825 2106 2868 et
2133 2817 2179 2864 ab
2203 2829 2244 2892 εἷο

395 2891 568 2952 quidem
619 2893 808 2952 primum
841 2907 938 2939 esse
970 2907 1097 2940 suum
1127 2893 1286 2952 ducat,
1335 2909 1479 2956 neque
1509 2900 1659 2942 tamen
1691 2893 1780 2940 nisi
1809 2895 1906 2954 eJus
1937 2891 2242 2954 repraesentato

396 2962 488 3008 sive
518 2963 667 3022 imago
696 2967 791 3021 est,
823 2977 923 3010 cnm
954 2965 1222 3024 generaliter
1252 2970 1348 3011 tum
1380 2965 1711 3026 particulariter
1744 2966 1792 3012 in
1825 2981 1874 3012 re
1903 2964 2132 3026 cogitante.
