2432 3554
1288 158 1403 217 196

402 320 657 377 subeunt.
722 319 883 381 Quae
918 319 1149 376 tristitia
1184 323 1447 377 causatur
1479 320 1549 375 ab
1585 336 1765 375 amoro
1803 322 1860 375 et
1896 316 2089 374 unione
2121 332 2257 391 quam

408 400 571 456 habet
632 416 759 458 cum
812 416 1051 471 corpore.
1124 392 1248 457 Hoc
1285 402 1364 456 ita
1401 418 1546 465 esse,
1607 400 1766 455 facile
1804 399 1937 454 inde·
1970 398 2254 459 deducitur,

403 479 549 551 quod
598 480 857 537 tristitiae
895 481 989 535 isti
1026 482 1294 537 alterutro
1330 481 1522 535 horum
1561 480 1842 534 modorum
1880 476 2151 533 remediari
2184 492 2258 545 po-

404 564 517 613 test
566 559 655 613 vel
694 560 740 616 Ι.
780 561 1073 631 spirituum
1110 564 1169 617 in
1206 563 1438 633 priorem
1477 562 1702 614 formam
1735 558 2105 619 restitutione,
2157 554 2194 607 i.
2225 570 2260 609 e.

407 637 688 693 liberando
748 656 866 693 eam
920 638 995 693 ab
1049 640 1157 694 isto
1194 640 1410 703 dolorc;
1463 639 1554 693 vel
1588 638 1671 694 ΙΙ.
1713 638 1872 693 bonis
1908 632 2192 692 rationibus
2222 632 2260 685 ei

406 720 785 790 persuadendo
844 724 907 774 ut
944 736 1169 791 corpore
1206 736 1316 786 non
1353 720 1589 791 amplius
1626 724 1831 776 utatur.
1903 719 2142 779 Quorum
2175 715 2260 785 pri-

408 816 585 863 mum,
626 816 726 869 pro
766 802 1009 871 tempore
1046 804 1262 855 tantum
1300 800 1450 855 valet
1483 806 1540 854 et
1577 798 1815 869 relapsui
1853 798 2138 855 obnoxium
2165 800 2260 855 estz

404 878 638 933 alterum
676 882 989 945 aeternum,
1028 878 1394 935 substantiale
1430 882 1486 933 et
1523 878 1863 933 immutabile
1901 882 2000 936 est.

482 1195 709 1251 Secundo
730 1216 751 1249 .·
794 1195 923 1266 quia
958 1196 1207 1251 videmus
1245 1197 1512 1261 mentem,
1554 1212 1880 1267 quamquam
1918 1212 2038 1251 cum
2074 1206 2266 1265 corpore

416 1275 627 1329 nullam
680 1276 1117 1331 communionem
1174 1276 1410 1340 habeat,
1491 1274 1698 1331 efficere
1753 1281 1935 1330 tamen
1989 1291 2169 1347 posse,
2215 1274 2265 1325 ut

410 1355 667 1425 spiritus,
728 1358 821 1426 qui
858 1356 919 1410 in
957 1373 1119 1409 unam
1157 1360 1364 1427 partem
1403 1373 1523 1410 eam
1559 1358 1889 1419 movissent,
1925 1355 2036 1425 jam
2071 1354 2124 1409 in
2158 1352 2264 1407 alte·

414 1451 527 1487 ram
586 1452 704 1491 eam
760 1442 1041 1498 moveant;
1100 1451 1268 1507 quare
1323 1434 1530 1490 efficere
1585 1436 1749 1489 etiam
1807 1452 1917 1489 non
1971 1436 2170 1507 posset,
2217 1434 2266 1485 ut

414 1530 612 1583 corpus
668 1515 893 1570 omnino
946 1516 1130 1587 quiete
1182 1532 1240 1569 se
1278 1515 1484 1570 habens
1519 1532 1578 1570 se
1617 1532 1828 1569 movere
1867 1512 2156 1586 inciperet?
2199 1508 2262 1563 uti

422 1595 588 1649 etiam
644 1612 810 1667 quare
868 1612 969 1651 nec
1016 1595 1127 1651 alia
1163 1596 1330 1650 etiam
1365 1610 1592 1665 corpora
1630 1599 1836 1649 motum
1865 1594 1982 1665 jam
2019 1590 2260 1653 habentia,

414 1690 631 1730 movere
680 1681 865 1745 posset
900 1692 1157 1747 quorsum
1194 1675 1368 1729 velit?

492 1756 583 1810 Ad
624 1757 769 1827 quod
808 1756 965 1812 nobis
1002 1755 1322 1819 dicendum,
1362 1754 1482 1826 ejus
1503 1753 1857 1818 memoribus,
1899 1752 2043 1828 quod
2061 1748 2264 1808 anteade

417 1853 473 1888 re
502 1837 779 1906 cogitante
806 1836 1079 1900 diximuS,
1108 1835 1486 1890 difficultatem
1511 1834 1662 1889 illam
1688 1835 1979 1889 admodum
2003 1833 2151 1889 faciie
2171 1825 2264 1884 tolli

420 1933 599 1986 posse.
676 1916 1006 1972 Dicebamus
1062 1926 1205 1972 enim
1245 1920 1536 1978 naturam,
1586 1917 1690 1970 etsi
1727 1917 1879 1969 varia
1913 1915 2166 1969 attributa
2194 1911 2263 1963 ha-

416 1996 573 2062 beat,
613 2014 781 2052 unum
810 2002 993 2054 tamen
1016 2015 1117 2052 ens
1140 2013 1258 2052 esse
1279 1999 1353 2066 ¹),
1393 1997 1462 2051 de
1487 2012 1596 2067 quo
1619 1996 1803 2050 omnia
1828 1995 2022 2051 haecce
2045 1991 2265 2048 attributa

412 2475 564 2530 tatur,
613 2469 827 2529 nudatque
873 2468 922 2518 in
974 2468 1095 2518 aliud
1142 2467 1252 2528 quid
1279 2481 1368 2528 quo
1397 2467 1654 2514 intellectus
1683 2465 1825 2526 magis
1853 2469 2144 2514 contentatur
2192 2457 2274 2505 ΗΜ

416 2557 521 2586 vero
572 2541 827 2588 immediata
858 2539 979 2590 actio
1010 2539 1105 2588 vini
1135 2540 1185 2586 in
1215 2545 1409 2588 montem
1439 2553 1537 2586 csso
1565 2536 1743 2596 nequit,
1790 2541 1836 2584 et
1865 2536 2048 2584 nonnisi
2071 2532 2176 2582 notio
2199 2526 2270 2576 vim·

414 2614 461 2658 in
494 2613 681 2672 spiritus
712 2619 797 2660 est.

486 2749 536 2805 1)
568 2746 708 2794 Nulla
742 2747 881 2808 igitur
912 2748 1145 2796 difficultas
1173 2752 1274 2806 cst,
1305 2747 1528 2808 quomodo
1560 2762 1677 2795 nnus
1709 2747 1785 2794 ille
1799 2746 1986 2804 modus,
2017 2741 2274 2805 quiabnloem

428 2818 605 2865 infinite
638 2818 814 2876 differt,
845 2819 895 2864 in
924 2820 1069 2866 altero
1104 2822 1338 2880 operetur3
1367 2824 1580 2876 tanquam
1613 2819 1756 2866 totius
1787 2833 1946 2878 nempe
1975 2833 2075 2878 pars
2093 2821 2171 2871 ont,
2195 2821 2272 2868 ‘3¹¹⁸

433 2903 561 2932 mens
602 2903 828 2946 nunqnam
860 2887 957 2934 sine
989 2902 1197 2967 corpore,
1230 2903 1312 2934 nee
1344 2903 1506 2948 corpus
1543 2889 1640 2936 sine
1671 2893 1842 2946 mente,
1875 2889 1978 2936 fuit.

493 2957 673 3004 Clarum
726 2958 841 3004 enim
890 2963 959 3004 cst
1008 2959 1054 3004 in
1104 2960 1305 3018 homine,
1355 2975 1454 3006 cum
1503 2975 1598 3008 esse
1643 2959 1884 3020 inceperit,
1927 2960 2050 3008 uuna
2077 2955 2181 3006 alind
2203 2947 2274 2998 M

432 3027 655 3073 attributa
688 3027 775 3074 nisi
806 3044 919 3086 quac
950 3035 1081 3076 antea
1114 3038 1244 3076 erant
1273 3030 1322 3077 in
1355 3038 1540 3090 natura3
1573 3034 1619 3080 et
1645 3033 1886 3091 quiaetaii
1899 3047 2084 3094 corpore
2113 3021 2278 3076 sormi
