2432 3554
1278 183 1355 238 40

369 346 424 392 et
461 338 833 394 intellectuale
860 341 1198 396 substantias
1228 341 1506 396 nominare
1533 341 1616 397 vis
1636 385 1649 405 ‚
1690 343 1835 414 quod
1863 344 1932 399 ad
1963 345 2151 400 modos
2172 347 2267 418 qui

367 421 495 476 inde
551 421 890 492 dependent,
950 421 1048 476 ill-a
1085 424 1251 476 etiam
1294 422 1479 477 modos
1516 439 1677 479 voces
1716 430 1961 495 oportet,
2014 427 2169 498 quod·
2198 426 2267 481 ad

366 498 728 554 substantiam
769 519 800 554 a
838 517 945 573 qua
984 503 1257 573 pendent:
1300 520 1409 556 non
1447 502 1591 556 enim
1630 507 1892 574 tanquam
1924 522 2020 575 per
2046 523 2103 559 se
2126 507 2271 562 exis·

363 578 539 633 tentia
576 597 608 633 a
645 588 698 633 te
725 581 1112 652 concipiuntur
1132 625 1146 646 ‚
1187 588 1245 636 at
1272 583 1461 636 eodem
1492 582 1649 637 modo
1674 599 1785 654 quo
1811 583 1981 644 velle.
2026 585 2231 638 sentire
2253 628 2266 647 ‚

363 659 697 730 intelligere.
761 677 940 714 amare
992 668 1098 716 ete.
1139 662 1343 716 diversi
1382 661 1535 717 illius
1575 661 1720 716 modi
1760 671 1893 718 sunt
1929 665 2272 718 substantiae

365 755 525 810 quam
567 746 626 792 tu
667 739 998 808 cogitantem
1041 741 1318 804 nominas,
1360 740 1428 795 ad
1467 757 1629 812 quam
1671 746 1730 795 tu
1760 742 1943 797 omnia
1970 742 2077 796 ista
2104 743 2275 799 refers

367 836 640 890 unumque
664 818 818 872 exiis
846 817 1030 880 efficis:
1059 819 1140 874 ita
1160 825 1216 874 et
1236 837 1337 891 ego
1358 819 1493 892 ipsis
1513 821 1626 875 tuis
1645 822 1987 892 argumentis·
2002 823 2276 878 concludo

366 899 634 952 infinitam
675 899 1045 953 extensionem
1075 903 1130 952 et
1155 899 1543 971 cogitationem
1571 917 1693 956 oum
1722 901 1848 956 aliis
1875 901 2158 957 attributis
2184 903 2272 958 in-

363 978 568 1040 finitis,
609 977 730 1042 vel,
770 979 1066 1033 seeundum
1107 983 1259 1032 tuam
1300 980 1565 1034 rationem
1605 979 1859 1046 dicendi,
1901 979 2269 1045 substantiis,

366 1058 502 1113 nihil
531 1057 680 1112 aliud
707 1075 823 1112 esse
843 1075 1002 1129 quam
1029 1059 1216 1114 modos
1242 1059 1387 1113 entis
1412 1059 1565 1114 illius
1586 1058 1765 1124 unici,
1793 1061 2034 1123 aeterni,
2064 1062 2275 1118 infiniti

364 1144 419 1192 et
457 1156 489 1190 a
527 1155 582 1190 se
621 1137 936 1200 existentis,
977 1138 1035 1192 in
1073 1155 1181 1208 quo
1220 1139 1405 1193 omnia
1444 1145 1709 1194 unum-et
1748 1142 1967 1196 unicum
2009 1151 2172 1204 sunt,
2218 1149 2277 1196 et

365 1223 519 1272 extra
556 1236 716 1289 quam
758 1219 1024 1272 unitatem
1063 1216 1220 1274 nulla
1258 1235 1344 1272 res
1382 1219 1514 1291 fingi
1554 1223 1752 1289 potest.

445 1455 626 1524 Cupid.
699 1456 767 1510 In
807 1457 906 1510 hae
944 1460 1042 1510 tua
1079 1453 1296 1511 dicendi
1339 1457 1549 1511 ratione
1579 1455 1868 1509 maximam
1894 1455 2279 1510 confusionem

368 1535 561 1597 video:
619 1535 760 1589 velle
817 1535 958 1589 enim
1020 1533 1223 1590 videris
1276 1539 1463 1602 totum,
1490 1533 1699 1606 aliquid
1738 1552 1855 1588 esse
1892 1539 2052 1588 extra
2085 1540 2277 1604 partes

368 1631 494 1668 suas
531 1613 618 1668 vel
657 1614 772 1668 sine
810 1613 956 1679 illis,
995 1614 1138 1686 quod
1179 1615 1404 1669 omnino
1442 1613 1739 1668 absurdum
1776 1619 1893 1678 est,
1932 1629 2055 1668 eum
2082 1631 2276 1668 omnes

367 1693 674 1764 philosophi
735 1693 988 1747 unanime
1045 1694 1263 1756 dicant,
1324 1699 1501 1747 totum
1564 1709 1683 1746 esse
1744 1690 2037 1748 secundam
2095 1693 2278 1748 notio-

368 1794 522 1839 nem,
581 1786 636 1831 et
672 1776 728 1832 in
769 1786 966 1831 natura
1004 1774 1209 1831 nullam
1252 1792 1369 1830 esse
1407 1790 1517 1827 rem
1556 1777 1773 1843 praeter
1808 1782 2134 1843 conceptum
2174 1771 2279 1827 hu-

369 1874 618 1919 manum;
679 1863 996 1929 praeterea,
1058 1857 1138 1911 uti
1195 1874 1262 1910 ex
1314 1852 1563 1923 exemplo
1600 1857 1699 1907 tuo
1736 1853 2027 1923 coneipi0‚
2090 1859 2278 1907 totum

365 1952 489 1991 cum
527 1952 692 1991 causa
729 1934 1054 2001 confundis,
1093 1952 1251 1999 nam,
1292 1934 1375 1989 uti
1406 1933 1563 1997 dico,
1602 1938 1780 1988 totum
1809 1934 2029 1989 nonnisi
2054 1950 2126 1989 ex
2152 1947 2279 2005 βαι·

367 2014 516 2069 tibus
573 2015 660 2069 vel
716 2032 810 2086 per
855 2020 1037 2087 partes
1093 2015 1315 2076 existit:
1377 2018 1432 2065 et
1489 2012 1569 2067 sio
1624 2012 1726 2066 tibi
1786 2014 1896 2068 vim
1936 2014 2277 2085 eogitantem

371 2100 630 2165 tanquam
682 2112 788 2149 rem
830 2096 991 2165 fingis
1004 2134 1022 2161 ,
1063 2113 1095 2150 a
1131 2112 1241 2167 qua
1278 2092 1513 2166 pendeat
1552 2092 1900 2159 intellectae,
1940 2111 2089 2149 amor
2124 2102 2277 2157 etta:

367 2190 466 2229 nee
502 2181 682 2227 totum
721 2172 870 2227 illam
911 2174 1188 2229 nominate
1228 2178 1413 2245 potae,
1456 2172 1553 2227 sed
1590 2188 1811 2229 causam
1855 2179 2068 2227 tantum
2114 2173 2277 2229 effee-

371 2261 526 2308 tuum
565 2271 598 2307 a
636 2259 690 2307 te
721 2252 837 2323 jam
877 2255 1293 2311 nominatorum.

442 2492 622 2548 Ratio,
701 2488 874 2545 Video
925 2492 1038 2561 jam
1076 2496 1132 2545 te
1169 2508 1356 2546 omnes
1392 2492 1599 2546 amicos
1635 2495 1763 2545 tuos
1798 2493 1991 2546 eontra
2028 2506 2113 2543 me
2148 2507 2287 2545 eon·

375 2588 598 2634 vocare,
659 2570 875 2641 itaque,
927 2569 1072 2641 quod
1112 2569 1419 2625 rationibus
1455 2570 1567 2626 tuis
1605 2569 1759 2625 falsis
1802 2570 1995 2641 nequis
2038 2568 2285 2636 efficere,

373 2650 473 2706 hoe
511 2650 796 2705 verborum
835 2655 1054 2705 tuorum
1091 2648 1453 2720 ambiguitate
1490 2650 1697 2705 efficere
1722 2648 1970 2711 conat-ie,
2014 2649 2095 2703 uti
2131 2664 2286 2705 eom-

375 2730 612 2785 muniter
667 2729 750 2784 ini
789 2734 963 2801 agunt
999 2728 1093 2801 qui
1132 2730 1353 2785 veritati
1392 2748 1449 2784 se
1486 2733 1788 2801 opponunt.
1858 2730 1977 2785 Nec
2012 2744 2143 2781 vero
2180 2729 2288 2784 ino

374 2808 550 2865 medio
589 2808 869 2880 pervenies
907 2808 977 2863 ad
1013 2810 1269 2863 Amorem
1310 2809 1378 2862 ad
1416 2816 1471 2864 te
1508 2808 1852 2865 trahendum.
1912 2806 2069 2861 Dicis
2106 2807 2288 2879 igitur

373 2908 623 2955 eausam,
663 2889 863 2961 quippe
900 2906 1039 2962 quae
1077 2888 1151 2943 sit
1187 2890 1465 2944 oausatrix
1496 2888 1822 2953 effectuum,
1862 2892 2015 2941 extra
2042 2904 2287 2943 eosesse
