2432 3554
1283 126 1355 182 16

952 336 1202 392 CAPUT
1242 337 1679 395 SECUNDUM.

1089 523 1231 572 QUID
1269 524 1356 563 81¹1·
1392 523 1539 564 DBUS
1546 549 1558 562 .

433 693 731 768 Postquam
783 695 896 767 jam
936 696 1431 752 demonstravimus
1467 697 1647 752 Deum
1685 715 1836 762 esse,
1894 713 2043 751 nunc
2080 699 2269 751 osten·

364 773 492 829 dere
530 780 746 847 oportet
781 775 912 848 quid
952 777 1026 831 sit
1061 777 1233 832 Deus.
1310 777 1445 833 Esse
1484 783 1666 834 autem
1704 797 1827 833 eum
1866 779 2099 834 dicimus
2126 797 2265 841 em,

361 852 430 908 de
485 873 595 927 quo
651 857 834 910 omnia
891 855 1004 911 sive
1043 857 1259 911 infinita
1296 859 1563 914 attributa
1602 859 1965 929 dicuntur1).
2026 877 2268 931 quorum

358 934 746 990 attributorum
787 936 1212 1009 unumquodque
1250 937 1307 992 in
1346 956 1446 994 suo
1484 956 1679 1011 genere
1716 939 1931 994 infinite
1956 939 2268 1011 perfectum

357 1018 459 1070 est.

427 1173 508 1228 Ut
563 1173 735 1246 igitur
783 1174 1111 1230 sententiam
1151 1181 1389 1230 nostram
1433 1176 1533 1232 hac
1576 1176 1643 1231 de
1680 1176 2036 1244 rehdistincte
2075 1177 2265 1248 expri-

356 1271 596 1317 mamus,
639 1257 876 1327 quatuor
911 1254 1196 1326 sequentia
1235 1256 1679 1326 praemittimus?

429 1336 486 1390 1.
562 1335 690 1390 Non
716 1353 834 1390 esse
859 1335 1222 1391 substantiam
1254 1336 1457 1390 finitam
1476 1375 1492 1400 ‚
1522 1337 1620 1391 sed
1648 1353 1860 1390 omnem
1888 1334 2260 1392 substantiam

354 1415 411 1468 in
441 1431 540 1469 suo
567 1432 764 1486 genere
789 1415 1004 1470 infinite
1029 1415 1321 1486 perfectam
1350 1431 1469 1470 esse
1494 1416 1719 1482 debere,
1748 1417 1866 1471 scil.
1898 1417 2041 1488 quod
2069 1417 2127 1471 in
2149 1415 2263 1473 Dei

352 1494 640 1550 intellectu
667 1495 884 1550 infinito
905 1491 1058 1549 nulla
1077 1495 1387 1550 substantia
1407 1497 1695 1568 perfectior
1715 1513 1832 1551 esse
1852 1497 2057 1568 possit,
2088 1512 2257 1568 quam

350 1591 490 1646 quae
520 1574 634 1644 jam
673 1575 731 1629 in
771 1579 968 1629 natura
1003 1575 1216 1630 existit.

423 1734 474 1788 2.
554 1732 681 1788 Non
720 1749 837 1789 esse
876 1733 1014 1788 duas
1051 1732 1392 1790 substantias
1430 1733 1534 1790 sibi
1572 1752 1747 1807 pares.

421 1816 470 1869 3.
542 1813 722 1867 Unam
764 1814 1124 1869 substantiam
1163 1814 1389 1869 alteram
1430 1833 1539 1869 non
1579 1833 1735 1887 posse
1773 1816 2087 1886 producere.

417 1981 471 2027 4.
549 1972 616 2028 In
655 1972 760 2028 Dei
798 1972 1014 2028 infinito
1051 1972 1340 2048 intellectu
1367 1992 1475 2029 non
1503 1992 1620 2030 esse
1647 1974 2045 2038 substantiam,
2084 1992 2253 2046 quam

347 2070 486 2125 quae
525 2054 598 2107 sit
635 2051 936 2108 formaliter
972 2054 1030 2109 in
1067 2058 1281 2112 natura.
1317 2050 1359 2117 ²)

406 2229 454 2281 1)
503 2226 651 2273 Causa
697 2234 791 2285 est,
841 2227 958 2286 quod
991 2243 1090 2275 cum
1123 2228 1252 2275 Nihil
1286 2229 1409 2275 nulla
1441 2228 1659 2275 attributa
1692 2229 1855 2275 habere
1889 2228 2057 2288 possit,
2106 2227 2263 2275 Omne

343 2299 493 2345 omnia
534 2299 754 2345 attributa
792 2298 954 2345 habere
987 2299 1115 2345 debet
1126 2319 1140 2357 3
1189 2306 1234 2346 et
1268 2301 1334 2346 uti
1366 2299 1495 2345 Nihil
1527 2300 1651 2345 nulla
1682 2299 1902 2345 attributa
1937 2299 2093 2355 habet,
2146 2299 2258 2357 quia

338 2368 452 2416 nihil
487 2374 580 2426 est,
613 2370 680 2415 sic
711 2369 880 2429 aliquid
911 2369 1122 2427 quaedam
1161 2370 1293 2416 habet
1323 2369 1543 2415 attributa
1576 2370 1681 2427 quia
1712 2369 1881 2427 aliquid
1912 2376 2003 2425 est,
2038 2376 2083 2414 et
2110 2368 2258 2429 igitur

337 2447 551 2499 quantum
584 2440 686 2500 plus
719 2441 803 2499 sit,
847 2448 978 2487 tanto
1013 2441 1142 2501 plura
1175 2440 1396 2488 attributa
1429 2440 1590 2487 habere
1621 2439 1765 2486 debet.
1833 2440 1955 2485 Hinc
1987 2440 2137 2496 Deus,
2172 2442 2258 2499 qui

337 2516 407 2557 est
453 2511 830 2571 perfectissimus,
882 2510 1084 2557 infinitus
1133 2511 1228 2557 sive
1276 2512 1447 2569 omnia,
1501 2512 1703 2568 infinita,
1754 2511 1953 2571 perfecta
2002 2516 2048 2556 et
2098 2513 2256 2558 omnia

335 2582 555 2628 attributa
589 2582 748 2627 habere
779 2581 922 2628 debet.

397 2724 447 2780 2)
509 2722 619 2769 Cum
669 2722 810 2783 igitur
852 2723 975 2769 nulla
1023 2722 1084 2769 sit
1114 2721 1366 2770 substantia
1398 2722 1551 2781 finita,
1602 2722 1749 2769 omnis
1780 2722 2033 2769 substantia
2068 2720 2253 2768 infinite

335 2794 392 2840 ad
423 2809 503 2840 ens
535 2794 731 2841 divinum
766 2794 989 2855 pertinere
1021 2794 1164 2842 debet.
1208 2794 1345 2841 Quod
1379 2794 1446 2841 sic
1477 2794 1837 2841 demonstratur:
1886 2794 1928 2839 1.
1961 2793 2078 2839 enim
2110 2793 2183 2839 vel
2200 2809 2253 2839 se

333 2865 433 2926 ipsa
458 2864 754 2912 determinare
769 2866 898 2913 debet
916 2885 930 2923 ;
963 2867 1004 2911 2.
1025 2866 1094 2911 vel
1109 2866 1166 2911 ab
1182 2866 1273 2911 alio
1290 2865 1576 2912 determinari
1592 2864 1759 2912 debuit.
1793 2864 1899 2911 Non
1916 2871 2062 2912 autem
2082 2879 2129 2911 se
2147 2863 2253 2925 ipsa

331 2935 628 2983 determinare
651 2942 823 2997 potest,
856 2937 961 2995 quia
973 2973 987 2994 ‚
1004 2951 1101 2983 cum
1119 2937 1309 2997 primum
1328 2936 1507 2983 infinita
1523 2937 1677 2995 fuerit,
1696 2951 1871 2983 omnem
1888 2951 2012 2983 suam
2031 2941 2243 2982 naturam
