2432 3554
813 456 1630 543 APPENDIX.

1050 629 1404 671 ...ηε-ης...-

1198 791 1250 843 Ι.

522 946 641 1001 ΒΕ
714 944 1422 1001 SUBSTANTIAE
1496 946 1930 1001 NATURA.

1188 1134 1260 1147 -

994 1262 1426 1318 AXIOMATA.

344 1420 392 1477 Ι.
465 1419 787 1476 Substantia
824 1424 1021 1475 natura
1058 1438 1158 1476 sua
1194 1420 1308 1475 suis
1346 1419 1842 1475 modificationibus
1879 1418 2032 1489 prior
2068 1422 2189 1475 est.

341 1500 425 1555 Π.
499 1499 613 1553 Res
648 1516 787 1571 quae
824 1499 1085 1555 differunt
1130 1500 1219 1554 vel
1257 1498 1478 1554 realiter
1514 1499 1603 1553 vel
1644 1499 1932 1554 modaliter
1968 1498 2184 1555 distin·

272 1582 537 1650 guantur.

347 1658 462 1712 ΙΙΙ.
542 1658 657 1712 Res
711 1676 851 1730 quae
908 1659 1129 1715 realiter
1184 1659 1606 1731 distinguuntur
1658 1658 1747 1712 vel
1783 1657 2054 1713 attributa.
2091 1658 2180 1713 di-

279 1754 433 1793 versa
471 1738 705 1804 habent,
744 1738 826 1793 uti
873 1738 1264 1810 cogitationem
1301 1744 1359 1796 et
1383 1739 1788 1801 extensionem,
1827 1737 1914 1792 vel
1941 1738 2186 1794 diversis

276 1817 663 1873 adscribuntur
709 1819 1022 1884 attributis,
1084 1821 1167 1876 uti
1203 1818 1521 1875 intellectus
1559 1823 1616 1874 et
1653 1823 1862 1881 motus,
1944 1835 2184 1890 quorum

279 1915 421 1952 unus
458 1897 526 1951 ad
564 1898 983 1969 cogitationem,
1026 1899 1165 1956 alter
1201 1899 1271 1954 ad
1312 1898 1684 1955 extensionem
1722 1900 1978 1970 pertinet.

347 2136 450 2193 IV.
528 2137 643 2192 Res
697 2156 835 2210 quae
888 2139 1161 2196 attributa
1214 2139 1418 2195 habent
1471 2138 1714 2199 diversa,
1793 2137 1877 2193 uti
1933 2141 1989 2192 et
2050 2137 2185 2193 illae

277 2217 579 2352 ggaleabzzt
599 2216 815 2274 diversa
852 2219 1122 2274 attributa
1158 2219 1470 2292 pertinent,
1516 2237 1630 2276 una
1666 2217 1908 2274 alterius
1943 2216 2087 2273 nihil
2127 2219 2189 2274 in

346 2457 420 2510 V.
495 2456 649 2512 Illud
696 2457 843 2529 qnod
880 2456 1019 2512 nihil
1054 2456 1284 2512 alterius
1324 2457 1402 2512 rei
1438 2457 1497 2511 in
1536 2473 1594 2511 se
1631 2455 1826 2518 habet,
1869 2471 1970 2510 nee
2009 2470 2186 2510 eausa

272 2554 389 2591 esse
426 2539 609 2607 potest
644 2535 969 2591 existentiae
1006 2537 1169 2592 istius
1204 2536 1304 2592 rei.

346 2695 449 2750 VI.
526 2693 678 2751 Illud
713 2695 861 2767 quod
898 2695 985 2751 sui
1020 2695 1197 2766 ipsius
1223 2712 1388 2752 eausa
1413 2700 1498 2751 est
1567 2713 1624 2752 se
1649 2695 1829 2767 ipsum
1850 2711 1964 2750 non
1991 2695 2190 2766 potuit

280 2774 661 2830 determinare.

354 2853 491 2909 VII.
569 2853 720 2909 Illud
757 2871 853 2924 per
889 2854 1035 2926 quod
1072 2873 1158 2910 res
1194 2859 1620 2920 conservantur,
1661 2858 1858 2910 natura
1896 2871 2029 2918 sua,
2070 2855 2190 2911 illis

280 2933 440 2988 rebus
477 2933 631 3004 prius
666 2937 771 2988 est.
