2432 3554
1246 201 1365 258 290

355 379 500 416 anno
525 361 740 416 demum
766 360 904 419 1671
921 402 936 425 ,
975 361 1173 415 aetatis
1201 361 1326 425 27⁰,
1366 361 1625 418 Diderico
1652 361 2033 419 Kerckkrinck
2054 404 2068 425 ‚
2112 367 2271 416 aeta-

352 441 427 497 tis
465 443 532 495 32
571 458 865 502 annorum.
911 441 1257 496 matrimonio
1304 441 1551 512 junctam
1600 443 1769 498 fuisse
1798 446 1833 496 ⁸.
1892 441 2133 498 Difficile
2162 442 2271 512 igi·

355 527 449 578 tur
483 521 904 578 Kerckkrinckii
943 523 1172 576 rivalem
1209 521 1503 593 Spinozam
1542 521 1739 578 habere
1766 540 2057 594 possumus
2068 560 2088 586 ‚
2128 524 2265 594 qui,

356 601 592 674 puellam
631 601 780 656 illam
822 603 868 656 si
906 620 1145 674 unquam
1184 603 1473 673 conjugem
1512 603 1713 658 ducere
1740 603 2005 673 cupierit,
2044 601 2268 657 dudum

355 686 516 736 antea
569 700 692 736 eum
749 682 851 738 hoc
906 682 1007 736 sibi
1063 684 1410 754 proposuisse
1468 701 1687 738 necesse
1742 687 1857 745 est,
1916 701 2085 754 quam
2136 699 2267 738 cum

355 761 710 832 Rhenoburgi
766 762 853 816 vel
910 761 1221 833 Voorburgi
1281 764 1539 834 Hagaeve
1595 762 1873 818 Comitum
1928 763 2139 834 degens
2198 764 2270 817 de

356 842 702 897 matrimonio
738 842 979 897 ineundo
1015 842 1258 914 cogitare
1295 843 1518 897 omnino
1556 860 1667 898 non
1706 843 1905 914 potuit.

1248 1018 1367 1088 §3.

429 1161 620 1216 Minus
657 1160 802 1214 recte
839 1160 1034 1215 dicunt
1070 1159 1363 1231 Spinozam
1388 1159 1535 1214 circa
1560 1175 1767 1214 annum
1794 1159 1934 1212 1660
1967 1175 2001 1212 a
2022 1159 2264 1220 ,ludaeis

362 1242 890 1297 excommunicatum
927 1242 1114 1296 fuisse.
1155 1241 1323 1302 Quod
1362 1239 1506 1292 enim
1531 1238 1796 1294 exhibebo
1824 1240 2267 1296 exeommunica-

360 1324 530 1378 tiouis
585 1322 970 1377 documentum
1007 1340 1129 1377 erae
1167 1321 1435 1376 Judaicae
1470 1336 1674 1372 anuum
1714 1318 1932 1381 5416m‚
1992 1318 2266 1376 Christia-

363 1421 465 1458 nae
521 1403 736 1466 1656m,
796 1420 922 1473 prae
961 1420 1016 1456 se
1053 1403 1178 1456 fert.
1256 1400 1441 1455 Debeo
1478 1397 1616 1452 illud
1658 1397 2089 1452 humanissimae
2138 1399 2257 1456 iibe-

365 1482 572 1537 ralitati
623 1482 745 1538 Viri
783 1482 1076 1552 plurimum
1115 1479 1411 1535 venerandi
1446 1480 1506 1536 J.
1547 1496 1597 1534 v,
1634 1477 1883 1548 Raphael
1918 1477 2253 1534 Jessohuun

364 1561 608 1616 Cardozo
663 1561 942 1618 Ecclesiae
989 1561 1383 1632 PortugensiS,
1442 1577 1580 1630 quae
1616 1557 2015 1612 Amstelodami
2060 1573 2175 1622 est,
2231 1577 2262 1612 a

369 1643 622 1697 secretis:

367 1804 649 1859 Anathema
685 1803 821 1874 quod
851 1802 1070 1855 edictum
1104 1804 1180 1855 est
1220 1801 1284 1853 de
1352 1798 1540 1853 Herem
1611 1814 1709 1870 que
1780 1816 1839 1852 se
1894 1797 2145 1867 publicent
2204 1800 2275 1851 da

433 1884 728 1937 sanctuario
764 1883 851 1937 die
888 1884 948 1936 6⁰
985 1882 1164 1935 mensis
1192 1881 1277 1934 Ab
1428 1880 1601 1935 Theba
1666 1896 1742 1933 em
1806 1878 1902 1931 6010
1962 1878 2026 1930 M
2090 1881 2271 1936 contra

437 1964 613 2015 contra
685 1962 934 2017 Bmocu
988 1977 1064 2017 mv.
1121 1961 1281 2016 Esm-
1426 1958 1674 2013 Bmuon
1709 1974 1785 2011 nn
1820 1957 2138 2013 EsrmozA.

439 2056 613 2097 NozA.

435 2151 671 2208 Consilii
702 2152 1075 2209 Ecclesiastici
1103 2155 1274 2211 domi·
1419 2155 1497 2210 Os
1553 2152 1678 2207 SSrs
1724 2152 1794 2205 do
1848 2148 2147 2205 Mahamad
2202 2152 2281 2204 fa·

369 2234 427 2288 ni
460 2234 635 2288 Vobis
659 2234 1096 2299 communicant,
1137 2238 1284 2308 quod
1359 2253 1474 2289 zem
1525 2232 1682 2287 saber
1719 2252 1751 2287 a
1790 2231 1949 2294 Vm,
2004 2246 2169 2285 como
2212 2231 2280 2284 ha

360 2313 474 2384 jam
513 2312 720 2367 dudum
757 2318 1145 2384 cognoscentes
1173 2334 1283 2370 ma·
1358 2316 1480 2371 diaz
1500 2332 1605 2387 que
1626 2316 1791 2369 tendo
1816 2314 2017 2370 noticia
2037 2314 2143 2369 das
2158 2332 2281 2368 mas

366 2392 448 2447 las
503 2393 789 2463 opiniones
825 2412 1094 2466 operaque
1132 2396 1277 2451 mala
1351 2397 1634 2469 opinioens
1672 2414 1701 2450 e
1744 2396 1903 2451 obras
1940 2395 2008 2449 de
2047 2394 2283 2449 Baruch

425 2651 475 2707 1)
507 2648 591 2695 Uti
625 2654 747 2709 patet
765 2665 817 2697 ex
834 2652 1133 2698 annotatione
1149 2656 1362 2711 sequente
1376 2654 1425 2699 in
1440 2652 1631 2699 Tabulis
1649 2651 1771 2712 publ.
1789 2648 2295 2697 Amstelodamensibus

363 2720 497 2780 vulgo
531 2720 818 2781 Puyboecken
849 2721 1005 2769 dictis:
1058 2725 1118 2780 „5
1152 2723 1285 2770 Febr.
1318 2724 1464 2780 1671,
1502 2723 1644 2783 Dirck
1680 2721 2015 2777 Kerckkrinck,
2048 2736 2142 2766 van
2178 2723 2297 2766 Am·

363 2792 574 2845 sterdam,
627 2791 748 2839 Med.
782 2792 918 2839 Doct.
950 2792 1038 2839 oud
1071 2795 1132 2839 32
1158 2795 1283 2852 jaer,
1332 2794 1493 2841 ouders
1524 2794 1668 2851 duod,
1714 2792 2005 2852 geadsisteert
2034 2798 2137 2837 met.
2168 2797 2293 2851 eijne

364 2878 491 2921 moey
525 2861 780 2908 Petronella
813 2862 1144 2920 Kerckkrinck,
1194 2870 1344 2912 woont
1376 2882 1434 2926 op
1467 2865 1521 2913 do
1553 2864 1899 2925 Keyzersgrast,
1945 2869 2015 2908 ter
2044 2877 2195 2909 cento
2230 2890 2289 2899 --

363 2948 422 2979 cn
455 2932 588 2979 Clara
618 2932 767 2980 Maria
799 2950 883 2981 vau
917 2934 1000 2981 deu
1034 2934 1180 2992 Ende,
1232 2952 1319 2983 van
1353 2936 1623 2996 Antwerpen
1644 2972 1657 2992 ,
1704 2934 1795 2981 oud
1828 2935 1889 2986 27
1922 2937 2038 2993 jaer,
2078 2934 2290 2994 geadsis-

363 3002 543 3051 aisteert
576 3010 663 3051 met
696 3005 961 3053 anciecus
993 3021 1078 3053 van
1110 3006 1195 3053 den
1227 3006 1379 3065 Eudo,
1415 3012 1565 3055 woont
1598 3022 1657 3067 op
1690 3006 1743 3053 de
1778 3005 1963 3067 Cingel,
2005 3008 2081 3051 ter
2114 3006 2292 3053 andere

362 3074 518 3135 zijde.”
