2432 3554
221 515 920 576 COLLECTANEA
983 515 1112 574 AD
1173 513 1655 572 SPINOZAE
1713 513 2021 571 VITAM

755 629 872 687 ET
927 627 1483 687 EPISTOLAS.

948 841 1299 884 -οωωκ-

1103 1027 1152 1082 1.

239 1165 575 1220 Praefationi
628 1164 992 1220 Hollandicae
1049 1169 1319 1222 tractatus
1360 1166 1428 1218 de
1468 1165 1614 1228 Deo,
1664 1166 1777 1236 [etc.
1820 1163 2059 1218 versioni

177 1248 476 1317 praefixae,
521 1245 702 1300 brevis
737 1247 1001 1316 quaedam
1041 1246 1350 1317 philosophi
1397 1247 1543 1300 vitae
1588 1244 1829 1298 narratio
1854 1244 2059 1298 inserta

175 1332 277 1389 est,
319 1326 442 1396 ipso
478 1329 717 1379 testante
744 1329 966 1381 auctore
991 1343 1060 1379 ex
1085 1326 1268 1381 Coleri
1296 1328 1529 1380 maxime
1554 1328 1835 1394 excerpta.
1876 1339 2061 1393 quam-

174 1423 270 1478 que
322 1407 498 1476 igitur
551 1404 640 1460 hic
690 1405 756 1459 de
795 1422 936 1460 novo
973 1405 1196 1461 edentes
1234 1421 1695 1476 supervacaneum
1733 1419 1954 1474 prorsus
1991 1401 2064 1455 la·

177 1486 348 1540 horem
407 1487 725 1540 faceremus,
797 1487 1144 1541 Annotemus
1200 1491 1414 1540 tantum
1472 1501 1745 1557 perpauca
1798 1500 1937 1554 quae
1975 1481 2063 1536 hic

172 1564 279 1620 illic
316 1563 508 1618 addita
544 1565 883 1623 invenimus,
926 1567 982 1617 et
1018 1567 1251 1635 primum
1289 1565 1509 1636 quidem
1556 1563 1717 1618 aedes
1755 1561 2062 1634 philosophi

173 1644 377 1698 natales
415 1644 582 1698 fuisse
619 1643 687 1697 ad
725 1643 969 1698 canalem
997 1644 1203 1699 dictum
1231 1647 1588 1715 Houtyrackt‚
1630 1643 1801 1700 veteri
1824 1643 2064 1700 Judaeo-

173 1740 281 1777 rum
342 1743 371 1777 e
408 1722 695 1793 Portugali
733 1723 995 1779 ecclesiae
1033 1725 1336 1795 proximas,
1397 1724 1703 1797 quibusque
1740 1740 1884 1777 anno
1924 1721 2061 1781 1743

169 1821 362 1861 novum
420 1805 611 1857 datum
665 1809 750 1859 est
805 1803 1054 1866 culmen,
1125 1805 1486 1875 inscriptione
1544 1806 1587 1857 ’t
1644 1805 1893 1873 Opreckte
1952 1807 2056 1859 Τα-

162 1884 390 1955 ρῇίῇαμε
441 1888 692 1937 ornatum
723 1886 782 1953 ¹).
855 1884 1020 1943 Quod
1077 1884 1297 1956 quidem
1348 1884 1565 1939 culmen
1605 1883 1765 1938 hodie
1803 1902 1912 1939 non
1950 1902 2062 1937 am·-

173 1964 310 2033 plius
369 1965 584 2027 exstat,
642 1962 774 2033 ipsis
833 1963 1060 2017 aedibus
1096 1963 1396 2034 posteriore
1434 1970 1675 2034 tempore
1713 1964 1771 2017 in
1809 1965 1947 2018 duas
1982 1964 2063 2017 di·

171 2044 298 2097 visis
335 2044 590 2099 minores,
663 2042 910 2097 Ecclesia
947 2060 1076 2097 vero
1116 2042 1299 2108 dicta,
1350 2062 1495 2099 anno
1534 2043 1675 2102 1670
1712 2044 1781 2099 ad
1818 2043 2062 2099 canalem

172 2120 498 2177 Mudensem
537 2139 679 2176 nova
720 2126 1005 2185 extructa,
1045 2124 1103 2177 in
1141 2123 1363 2177 domum
1402 2124 1671 2195 privatam
1695 2128 2063 2179 transmutata

172 2208 280 2264 est,
323 2201 482 2272 cujus
519 2202 576 2256 in
616 2202 737 2255 loco
775 2209 964 2271 postea
1001 2201 1249 2258 Ecclesia
1273 2203 1872 2268 Romano-Catholica,
1912 2222 1945 2257 a
1970 2220 2059 2256 ve-

171 2285 278 2335 tere
333 2282 555 2336 illarum
593 2281 810 2335 aedium
848 2282 1084 2353 quadam
1120 2282 1482 2353 inscriptione
1520 2283 1697 2339 Mosis
1734 2287 1791 2337 et
1827 2282 2064 2338 Aaronis

172 2359 347 2426 dicta,
393 2362 686 2417 aedificata
723 2366 822 2417 est.

1060 2536 1176 2603 §2-

235 2675 403 2736 Quod
461 2676 530 2729 ad
587 2675 926 2731 historiolam
974 2674 1126 2730 illam
1164 2677 1232 2731 de
1271 2676 1477 2732 Medici
1516 2676 1580 2731 F.
1622 2692 1730 2729 van
1769 2676 1873 2729 den
1912 2676 2066 2732 Ende

173 2758 278 2812 filia
304 2757 535 2821 attinet,
575 2758 876 2832 notandum
904 2758 1106 2813 hancce
1123 2796 1142 2821 ‚
1182 2756 1402 2811 nornine
1431 2774 1531 2811 suo
1556 2756 1773 2811 Claram
1800 2756 2063 2820 Mariam,

229 2954 275 3007 1)
308 2950 414 3010 „Op
447 2950 500 2995 de
536 2949 841 3011 Hout-gragt,
876 2956 1006 2996 naast
1038 2950 1092 2997 de
1123 2950 1238 2996 oude
1272 2949 1605 3009 Portugeesche
1634 2950 1767 3007 kerk,
1799 2949 1847 2995 in
1864 2966 1945 2997 een
1961 2950 2075 2998 fraai

175 3022 544 3082 koopmanshuiS,
593 3037 825 3068 waarvoor
856 3022 904 3068 in
939 3023 1012 3067 het
1037 3024 1139 3080 jaar
1173 3022 1297 3073 1743
1330 3036 1411 3066 een
1444 3019 1617 3066 nieuwc
1646 3020 1802 3079 gevel,
1834 3035 1890 3067 en
1922 3021 1971 3067 in
2002 3022 2075 3070 die

165 3093 204 3137 't
240 3093 466 3154 Oprechte
499 3092 760 3153 Tapijthnys
793 3092 833 3139 is
863 3095 1032 3153 gezet.”

1785 3171 1852 3225 19
