2432 3554
1290 175 1366 234 36

391 335 524 390 haec
561 335 829 390 attributa
865 339 1047 390 tamen
1085 337 1143 391 in
1180 337 1301 392 Deo
1341 335 1517 392 locum
1559 337 1754 392 habere
1792 337 2032 408 possint,
2089 339 2276 410 postea

391 415 449 469 in
501 432 650 486 seqq.
691 416 966 487 capitibus
1003 416 1371 471 ostendemus
1452 417 1541 472 Ad
1583 416 1856 471 meliorem
1898 433 2277 488 veropraece·

389 493 634 548 dentium
677 495 1134 568 intelligentiam,
1173 501 1230 550 ct
1267 495 1727 551 introductionem
1767 497 1823 550 in
1862 495 2001 550 illud
2030 497 2173 568 quod
2199 496 2276 552 di-

389 591 510 629 cere
548 576 829 647 cupimus,
873 577 962 632 hic
999 576 1198 632 addere
1234 576 1510 632 voluimus
1548 577 1859 648 sequentia.
1900 593 2097 646 nempe

1058 789 1499 846 DIALOGU
1524 791 1613 852 M,

661 973 841 1012 INTER
875 973 1282 1016 anLLEc'rUM
1294 999 1313 1026 ‚
1350 975 1605 1016 molum
1618 1001 1637 1030 9
1674 975 2005 1024 liestmonam,

1077 1071 1146 1110 m
1182 1070 1592 1113 cumm‘raTEM.

460 1203 630 1260 Amor.
706 1202 910 1265 Video,
953 1204 1151 1266 frater,
1191 1205 1338 1275 quod
1376 1187 1707 1260 essentia⁹et
1732 1204 2141 1276 perfect-ionica
2171 1221 2281 1260 om·

393 1283 526 1341 nino
582 1283 814 1354 pendeat
869 1302 901 1338 a
955 1289 1052 1338 tua
1089 1286 1452 1356 perfectione.
1514 1293 1572 1342 et
1610 1287 1740 1358 quia
1776 1286 2041 1357 perfectio
2076 1285 2283 1356 objecti

391 1364 536 1434 quod
576 1365 875 1434 concepisti
913 1371 1010 1416 tua
1048 1369 1132 1418 est
1169 1364 1463 1436 perfecti0‚
1504 1384 1533 1418 e
1571 1383 1678 1436 qua
1718 1371 1813 1420 tua
1850 1380 1969 1420 mea
1994 1367 2279 1436 provenit:

395 1443 486 1498 dic
537 1443 697 1506 mihi,
759 1459 990 1514 quaeso.
1049 1463 1177 1498 num
1232 1463 1327 1500 ens
1382 1445 1492 1498 tale
1538 1445 1854 1516 conceperis
1890 1447 2036 1516 quod
2075 1463 2287 1500 summe

391 1523 688 1594 perfectum
737 1524 842 1587 sit,
895 1540 994 1577 nec
1033 1523 1101 1577 ab
1140 1523 1249 1580 alia
1285 1524 1519 1596 quadam
1558 1541 1615 1578 re
1652 1524 1933 1578 terminari
1972 1534 2172 1597 queat,
2230 1532 2287 1580 et

349 1637 360 1645 -
401 1603 460 1656 in
495 1619 604 1673 quo
642 1608 698 1656 et
733 1619 835 1674 ego
871 1603 1291 1673 comprehensus
1328 1604 1468 1659 sim?

465 1842 642 1897 Intell.
713 1840 879 1901 Quod
935 1841 1004 1895 ad
1062 1858 1146 1895 me
1188 1843 1419 1906 attinet,
1478 1845 1731 1897 naturam
1780 1858 1886 1897 non
1927 1842 2033 1899 nisi
2070 1843 2128 1899 in
2166 1848 2287 1899 toto

392 1938 496 1976 suo
534 1920 802 1975 infinitam
841 1929 898 1975 et
935 1938 1140 1975 summe
1177 1922 1475 1992 perfectam
1512 1922 1831 1985 considero;
1890 1940 2001 1995 qua
2036 1924 2103 1978 de
2147 1942 2205 1979 re
2242 1928 2289 1981 si

389 2002 644 2065 dubitaS,
686 2018 818 2072 roga
854 2002 1178 2064 Rationem,
1218 2018 1356 2072 quae
1394 2002 1495 2055 tibi
1534 2002 1697 2057 dicet.

464 2159 648 2215 Ratio.
723 2160 842 2229 Ego
878 2158 1096 2230 quidem
1134 2175 1320 2213 verum
1356 2176 1473 2213 esse
1501 2176 1609 2215 non
1634 2158 1861 2222 dubito,
1902 2159 2100 2215 namsi
2126 2164 2289 2215 natu·

395 2257 510 2295 ram
536 2239 828 2294 terminare
853 2238 1106 2293 volumus
1123 2278 1140 2300 ‚
1168 2236 1342 2292 nihilo
1366 2256 1485 2293 eam
1512 2239 1803 2293 terminare
1830 2238 2089 2295 debemus
2116 2242 2291 2312 (quod

399 2319 694 2375 absurdum
734 2321 878 2388 est),
937 2323 992 2372 et
1032 2318 1131 2371 hoc
1167 2334 1291 2372 cum
1331 2317 1684 2388 sequent-ibus
1722 2318 2032 2380 attributis,
2096 2337 2293 2391 nempe

393 2398 540 2471 quod
580 2397 654 2453 sit
690 2416 857 2453 unum
877 2439 891 2460 ‚
939 2401 1221 2453 aeternum
1242 2434 1257 2459 ,
1296 2413 1392 2467 per
1420 2415 1475 2451 se
1504 2398 1794 2453 infinitum.
1831 2398 2014 2459 Quam
2042 2398 2294 2456 absurdi-

393 2483 565 2535 tatem
603 2478 902 2542 evitamus,
945 2482 1207 2547 ponentes
1246 2494 1363 2531 eam
1388 2494 1505 2531 esse
1532 2478 1799 2531 unitatem
1824 2483 2131 2543 aeternam,
2174 2479 2298 2535 infl-

397 2562 598 2617 nitam.
661 2558 1118 2629 omnipotentem,
1185 2560 1292 2611 etc.
1348 2561 1603 2611 naturam
1661 2574 1853 2629 nempe
1910 2557 2178 2613 infinitam
2239 2565 2298 2615 et

396 2639 582 2693 omnia
617 2638 674 2693 in
713 2655 776 2691 ea
814 2636 1226 2707 comprehensa:
1272 2635 1429 2706 cujus
1468 2638 1809 2706 negationem
1846 2636 1985 2693 nihil
2011 2654 2295 2695 vocamus.

483 2876 668 2944 Cupid.
747 2874 874 2931 Hoc
905 2872 1125 2946 quidem
1165 2871 1487 2928 mirabiliter
1511 2873 1774 2945 quadrat,
1815 2874 2081 2934 unitatem
2100 2893 2299 2933 conve.

401 2955 522 3011 nire
547 2970 670 3009 cum
697 2956 963 3009 varietate
979 2994 996 3017 ,
1025 2970 1188 3025 quam
1207 2954 1411 3025 ubique
1430 2954 1488 3008 in
1509 2958 1707 3009 natura
1725 2954 1907 3010 video.
1941 2955 2093 3015 Quid
2114 2958 2293 3021 enim,
