2432 3554
1220 155 1338 212 294

391 316 754 387 Rhenoburgi
809 314 1166 386 philosophus
1222 315 1513 370 admodum
1554 333 1773 386 parvam
1822 313 2088 368 habitavit
2122 312 2210 366 do·

325 415 505 459 mum,
546 412 685 467 quae
723 400 779 450 et
817 395 976 449 hodie
1015 395 1214 449 ibidem
1254 399 1467 459 exstat,
1516 395 1874 466 inscriptione
1911 411 2009 448 sua
2034 411 2102 447 ex
2124 409 2213 446 an·

329 494 402 531 no
440 475 579 533 1667
619 477 846 545 cognitu
884 475 1095 529 facilis:

718 626 875 688 Ach‚
917 643 1099 680 waren
1136 626 1245 680 alle
1284 624 1575 680 menschen
1614 625 1761 694 wijs‚

792 705 878 760 En
917 705 1118 759 wilden
1163 705 1369 776 daarby
1414 705 1545 760 wel:

719 783 804 838 De
841 785 972 838 aard
1013 802 1158 838 waar
1195 785 1327 839 haar
1364 803 1463 838 een
1502 784 1781 854 ParadijS‚

795 865 888 920 Nu
927 864 975 918 is
1014 882 1074 918 ze
1113 869 1282 920 meest
1320 883 1418 918 een
1458 863 1586 918 Hel.
1630 865 1675 934 ί)

401 1037 755 1092 Cohabitavit
811 1053 935 1092 cum
991 1055 1055 1092 eo
1092 1069 1162 1078 —
1202 1055 1347 1093 anno
1388 1038 1579 1092 saltem
1620 1038 1759 1092 1663
1797 1065 1871 1076 -
1912 1035 2218 1091 adolescens

332 1117 584 1188 quidam,
630 1115 848 1171 nomine
887 1121 1102 1171 tantum
1130 1119 1355 1172 casearii
1398 1115 1899 1190 (contubernalisl')
1953 1115 2117 1169 nobis
2150 1115 2216 1167 in-

331 1195 580 1258 dicatuS,
623 1195 680 1249 in
707 1210 814 1265 quo
841 1211 970 1249 vero
995 1213 1381 1268 recognoscere
1423 1197 1687 1253 vellemus
1725 1196 2027 1252 Albertum
2066 1195 2211 1248 istum

332 1275 638 1345 Burghium
679 1273 837 1344 cujus
875 1274 944 1327 ad
981 1274 1709 1332 Romano-Catholicismum
1750 1275 2021 1330 transitus
2044 1317 2059 1338 ‚
2100 1274 2213 1327 duo·

333 1355 508 1410 decim
549 1371 721 1408 annos
760 1360 912 1424 post,
955 1355 1126 1409 indoli
1169 1374 1277 1410 non
1318 1357 1649 1412 contradicit
1690 1373 1833 1411 anno
1874 1355 2017 1408 1663
2056 1371 2088 1408 a
2117 1351 2209 1422 Spi-

333 1453 472 1490 noza
507 1436 558 1489 ei
595 1466 666 1475 —
705 1436 786 1488 uti
822 1435 936 1504 jam
974 1436 1283 1490 videbimus
1320 1467 1393 1478 --
1432 1438 1754 1508 adscriptae.
1792 1436 1949 1490 Inter
1974 1434 2205 1507 episto-‘ms

332 1516 476 1570 enim
547 1513 915 1584 autographas
973 1520 1190 1570 nostras
1248 1521 1466 1571 exstant
1522 1535 1735 1588 quoque
1791 1515 2015 1571 illarum
2072 1511 2203 1584 origi·

331 1594 485 1650 nales
522 1611 661 1666 quae
699 1594 939 1649 numeris
979 1597 1047 1650 26
1085 1600 1140 1650 et
1179 1595 1246 1653 2¹7
1284 1597 1342 1651 in
1390 1597 1622 1650 Bruderi
1667 1595 1909 1651 editione
1942 1594 2201 1665 leguntur,

332 1692 574 1746 quasque
620 1673 708 1729 hic
753 1674 1076 1745 integriores
1121 1675 1322 1731 edituri
1369 1677 1653 1731 consulere
1694 1692 1911 1748 quoque
1938 1675 2211 1746 poterimus

334 1757 402 1810 de
439 1755 606 1810 variis
645 1773 676 1810 a
714 1754 990 1827 prioribus
1027 1755 1331 1811 editoribus
1369 1756 1549 1811 minus
1586 1760 1732 1811 recte
1770 1755 2005 1813 omissis,
2077 1753 2210 1809 Patet

334 1835 478 1891 enim
517 1852 584 1889 ex
622 1835 692 1891 iis
717 1840 772 1890 et
797 1837 941 1907 quod
973 1835 1060 1891 hic
1087 1836 1153 1889 de
1179 1836 1526 1891 adolescente
1554 1836 1659 1891 isto
1678 1835 1792 1906 jam
1820 1836 2207 1893 annotavimus,

333 1919 390 1969 et
452 1916 596 1969 inter
651 1915 1026 1971 adolescentes
1083 1916 1621 1971 Amstelodamenses
1666 1946 1737 1956 -—
1773 1915 2022 1972 Judaeos
2078 1924 2211 1985 quam

336 1994 602 2061 maxime,
665 1995 747 2050 uti
793 1995 1012 2050 videtur
1049 2027 1120 2036 —
1159 1994 1455 2049 nonnullos
1494 1992 1747 2048 habuisse
1793 1994 2087 2065 Spinozam
2120 1988 2212 2045 dis·

335 2074 582 2146 cipu108‚
642 2074 874 2146 collegio
931 2076 1166 2147 quodam
1202 2075 1626 2137 convenientes,
1686 2074 1745 2128 in
1782 2090 1892 2145 quo
1931 2067 2213 2145 philosophi

403 2318 450 2375 1)
484 2316 654 2363 Versus
702 2322 809 2363 sunt
856 2315 954 2363 uoti
1007 2321 1166 2377 poetae
1212 2316 1273 2363 D.
1316 2316 1401 2363 Rz.
1434 2286 1751 2376 Kam'phuyzen
1764 2334 1779 2373 ;
1826 2314 1889 2362 ibi
1922 2330 2029 2363 vero
2060 2308 2218 2361 domici·

332 2388 442 2435 lium
477 2387 683 2435 habuisse
715 2383 955 2447 Spinozam
989 2404 1016 2433 a
1050 2388 1142 2435 vita
1175 2403 1233 2434 m.
1265 2402 1301 2434 s.
1334 2386 1571 2443 docemur,
1619 2402 1732 2445 quae
1764 2390 1912 2433 autem
1944 2386 2091 2433 minus
2120 2385 2223 2431 reete

333 2473 500 2505 annum
547 2456 856 2518 inscriptionis
908 2460 1030 2505 1660
1065 2458 1263 2505 indicat:
1311 2457 1442 2516 „Het
1474 2458 1636 2518 HuyS,
1689 2456 1973 2505 waerbinnen
2006 2458 2067 2516 hy
2095 2454 2139 2501 in
2162 2449 2224 2497 dit

335 2529 446 2589 dorp
477 2528 694 2588 gewoond
725 2528 870 2587 heeft,
911 2534 1030 2575 staat
1061 2544 1148 2575 nan
1181 2530 1257 2575 het
1289 2526 1527 2575 westeinde
1560 2544 1645 2575 van
1678 2528 1901 2585 hetzelve,
1935 2524 2149 2587 bezuyden
2173 2519 2220 2565 de

335 2600 486 2657 Vliet,
534 2600 744 2645 tusschen
793 2598 846 2645 de
895 2614 1166 2658 wagen·weg
1213 2613 1271 2644 en
1319 2600 1395 2645 het
1444 2598 1634 2659 voetpad
1666 2614 1777 2645 naar
1806 2599 2005 2659 Katwijk
2036 2611 2119 2643 aaa
2145 2591 2219 2639 den

334 2670 472 2729 Rijn,
504 2669 552 2715 in
583 2668 636 2715 de
668 2670 800 2725 laan,
834 2684 890 2715 en
922 2669 961 2715 is
994 2669 1218 2729 kennelijk
1249 2668 1361 2714 door
1392 2684 1472 2715 een
1490 2674 1637 2728 steen,
1672 2669 1743 2715 die
1761 2670 1807 2716 in
1831 2671 1941 2716 haar
1955 2668 2080 2730 gevel
2094 2668 2217 2717 stant,

339 2740 504 2786 waarin
550 2738 588 2785 is
638 2740 960 2799 uytgehouwen
994 2741 1070 2786 het
1101 2742 1187 2787 150
1220 2754 1278 2786 en
1309 2739 1471 2787 Iaatste
1503 2754 1603 2787 vers
1634 2755 1721 2787 van
1752 2739 1838 2785 den
1872 2740 2079 2801 Meysche
2108 2732 2212 2781 Mor·

335 2808 620 2870 genstond,'’
653 2814 738 2855 etc.

403 2879 624 2939 Spinozae
656 2894 817 2925 nomen
849 2880 1143 2939 Rhenoburgi
1174 2880 1330 2927 domus
1362 2880 1485 2927 illius
1516 2896 1651 2929 causa
1682 2881 1880 2927 nondum
1913 2881 1961 2928 in
1978 2877 2216 2926 oblivionem

340 2948 426 2994 ivit
438 2966 454 3005 3
495 2948 568 2994 via
600 2948 746 3007 enim,
775 2950 833 2995 ad
863 2964 994 3008 quam
1026 2950 1114 2997 sita
1145 2955 1237 3008 est,
1270 2954 1316 2997 et
1349 2950 1479 2997 hodie
1510 2950 1733 2998 interdum
1764 2942 2209 3011 „spinum-lauatio?

342 3015 483 3063 audit.
515 3042 575 3051 -
