2432 3554
1235 179 1311 234 70

319 336 532 409 qualem
573 337 844 393 Adamum
885 341 1012 394 ante
1052 337 1299 410 lapsum,
1351 339 1623 394 Adamum
1661 338 2073 400 tantummode,
2118 353 2238 392 nou

319 437 448 475 vero
485 419 708 474 Petrum
749 437 848 476 nee
885 419 1120 474 Paulum
1161 424 1428 485 (iterassem
1468 437 1592 476 eum
1632 439 1660 474 e
1699 418 1973 475 contrario
2010 418 2070 473 in
2108 416 2239 472 Deo

321 517 450 553 vera
510 500 770 570 perfectio
825 502 898 554 sit
935 499 1188 556 omnibus
1227 501 1389 556 rebus
1426 517 1458 555 a
1496 499 1736 554 minimis
1773 499 1903 554 inde
1940 498 2011 554 ad
2050 499 2236 552 maxi-

322 596 436 635 mas
475 580 764 634 essentiam
805 597 956 633 suam
996 579 1158 644 dare,
1215 581 1333 646 vel,
1391 586 1452 636 ut
1490 580 1683 635 melius
1724 580 2003 642 dieamus„
2046 579 2244 634 omnia

323 675 445 712 eum
484 659 721 730 perfecte
760 659 817 712 in
857 677 912 712 se
951 658 1168 713 habere.

393 739 557 799 Quod
616 739 685 792 ad
741 737 972 792 alterum
1027 741 1258 800 attinet,
1314 755 1412 793 eur
1450 739 1601 793 Deus
1640 737 1885 792 homines
1922 755 2032 791 non
2070 735 2225 792 tales

323 819 618 876 creaverit.
663 822 725 872 ut
762 834 986 887 peceare
1025 835 1134 872 non
1171 819 1415 888 possint:
1455 818 1523 872 ad
1553 817 1654 872 hoe
1680 817 2014 888 respondeo,
2046 815 2245 870 omnia

325 915 462 968 quae
521 898 587 951 de
648 904 872 968 peceato
927 896 1189 950 dicuntur
1245 900 1459 952 tantum
1518 898 1731 953 ratione
1786 901 2035 951 nostrum
2074 894 2239 956 diei:

325 995 548 1047 nempe,
609 976 826 1048 quando
876 974 1014 1030 duae
1052 994 1135 1031 res
1174 976 1320 1031 inter
1356 996 1413 1032 se
1449 975 1536 1032 vel
1575 995 1739 1032 unam
1778 977 1929 1031 vario
1968 976 2249 1046 adspectu

326 1073 730 1128 comparamuS,
792 1055 872 1110 uti
925 1072 974 1112 v,
1031 1071 1076 1112 o.
1102 1089 1106 1095 ·
1133 1056 1178 1110 si
1226 1055 1350 1127 quis
1386 1055 1727 1127 horologium
1766 1059 1892 1126 apte
1931 1055 2125 1109 fecerit
2166 1053 2245 1108 ad

329 1137 634 1190 sonandum
671 1142 728 1189 et
767 1134 927 1190 horas
965 1135 1325 1200 indieandaS,
1362 1140 1419 1189 et
1456 1153 1594 1207 opus
1630 1134 1725 1190 ille
1764 1135 1900 1190 bene
1940 1132 2251 1188 conveniat

329 1231 450 1270 eum
509 1217 614 1270 fine
669 1214 945 1276 auctoris,
1006 1215 1208 1270 bonum
1265 1214 1497 1277 dieitur:
1560 1219 1617 1270 at
1654 1215 1954 1278 siminus,
2012 1213 2228 1268 malum

328 1299 584 1354 vocatur.
647 1312 970 1366 quamquam
1024 1299 1080 1348 et
1117 1294 1198 1348 ita
1234 1292 1438 1351 bonum
1476 1312 1593 1348 esse
1630 1297 1844 1364 posset,
1906 1291 2065 1346 modo
2105 1308 2247 1346 aue·

328 1375 465 1430 toris
521 1375 644 1428 finis
703 1373 898 1429 fuisset
953 1374 1241 1429 confusum
1298 1373 1439 1429 illud
1484 1373 1709 1430 reddere
1746 1377 1802 1428 et
1840 1391 2041 1428 sonans
2073 1375 2249 1434 ,extra

331 1457 564 1525 tempuS.
643 1452 1048 1517 Concludimus
1092 1453 1265 1524 igitur
1306 1453 1531 1508 Petrum
1571 1453 1877 1510 necessario
1919 1470 2044 1508 eum⁴
2082 1451 2249 1508 Petri

331 1533 488 1598 idea,
527 1537 585 1588 at
621 1551 731 1588 non
767 1551 890 1589 eum
933 1533 1168 1588 hominis
1205 1533 1329 1588 idea
1354 1533 1647 1589 convenire
1676 1533 1901 1597 debere,
1950 1535 2007 1586 et
2034 1531 2249 1588 bonum

333 1613 642 1685 malumque
671 1613 762 1668 vel
806 1617 1030 1685 peccata
1067 1612 1206 1668 nihil
1232 1613 1383 1669 aliud
1410 1631 1527 1668 esse
1554 1631 1717 1684 quam
1744 1611 2017 1668 existendi
2047 1610 2246 1668 modos

333 1709 397 1748 ae
433 1693 588 1748 nullo
627 1693 786 1748 modo
823 1712 908 1749 res
945 1695 1237 1767 quasdem,
1280 1694 1367 1748 vel
1405 1693 1615 1764 aliquid
1648 1693 1793 1765 quod
1820 1692 2116 1748 essentiam
2147 1691 2247 1748 ha-

337 1771 445 1835 bet,
477 1773 559 1828 uti
587 1774 816 1830 fortasse
843 1774 900 1831 in
928 1774 1283 1846 sequentibus
1308 1773 1543 1847 amplius
1568 1773 2096 1834 demonstrabimus:
2127 1788 2250 1827 om·

336 1872 432 1908 nee
471 1856 614 1909 enim
655 1874 740 1911 res
779 1860 833 1909 et
869 1872 1066 1928 opera,
1105 1874 1247 1927 quae
1285 1855 1341 1911 in
1381 1859 1578 1909 natura
1610 1858 1773 1920 sunt,
1814 1854 2055 1925 perfecta
2092 1855 2251 1907 sunt.
