2432 3554
1275 175 1393 233 326

395 339 641 392 mentum
695 335 872 390 oritur
925 333 1165 397 maritis,
1224 333 1367 406 quod
1560 331 1689 404 quia
1726 331 1979 387 mulieres
2015 335 2073 386 ut
2103 329 2247 403 pluri·

392 434 540 472 mum
583 415 902 470 ambitiosae
942 417 1101 478 sunt,
1154 418 1208 468 et
1247 415 1302 468 iu
1346 413 1443 468 hac
1481 414 1701 484 regione
1738 451 1849 466 .....
1894 411 2057 467 libere
2090 413 2147 466 ab
2178 413 2246 482 ip·

397 499 473 553 sis
509 495 806 553 Nobilibus
844 495 1080 566 regitur,
1133 495 1403 566 permulta
1440 494 1613 549 officia
1650 499 1707 548 et
1742 493 2027 549 admodum
2067 494 2249 549 lucrosa

398 580 648 640 exstent,
713 575 811 630 hae
860 575 1083 629 maritos
1131 592 1293 646 quam
1334 575 1563 628 maxime
1601 574 1668 628 ad
1708 573 1909 630 similia
1946 574 2249 646 impetranda

395 658 660 719 incitant,
722 655 812 716 id,
873 655 1016 726 quod
1079 655 1178 717 iis,
1240 655 1333 725 qui
1383 653 1701 726 perigrinati
1765 657 1821 708 et
1857 653 2051 709 studiis
2084 651 2247 708 imbuti

400 739 530 791 sunt
569 753 676 791 non
715 735 932 791 difficile
973 740 1085 800 est,
1136 735 1449 807 praesertim
1488 734 1537 788 si
1574 751 1641 788 ex
1682 733 1819 788 bona
1858 739 1913 788 et
1948 734 2154 805 antiqua
2184 733 2246 786 fa·

397 815 550 872 milia
589 819 754 880 sunt,
800 814 975 869 veluti
1013 825 1096 869 est
1133 819 1321 869 nostra
1344 857 1357 878 ‚
1399 818 1455 868 et
1492 813 1585 868 ubi
1623 814 1919 877 ParenteS,
1960 819 2111 885 prout
2131 811 2245 877 mei,

397 895 617 970 publica
652 893 824 949 officia
863 894 1117 948 habuere.
1179 895 1289 950 Hic
1326 895 1511 965 itaque
1553 891 1765 946 nullum
1804 893 2091 948 remedium
2122 897 2245 954 erat,

403 975 674 1047 siquidem
731 973 962 1044 primum
1022 973 1273 1044 eligerem
1334 974 1503 1045 (quod
1542 990 1755 1045 quoque
1794 973 2121 1027 subeundum
2154 977 2250 1025 erat

399 1056 468 1111 ob
526 1072 690 1126 supra
746 1054 1041 1109 recensitas
1095 1054 1361 1124 rationes)
1417 1071 1579 1126 quam
1618 1065 1680 1108 ut
1717 1056 2094 1126 pensionemaea
2124 1055 2247 1124 Rege

399 1135 702 1191 Galliarum
741 1134 1101 1204 impetrarem.
1181 1134 1305 1189 Hoc
1352 1135 1493 1188 enim
1532 1135 1795 1190 Familiae
1834 1152 1983 1189 meae
2020 1140 2145 1189 esset
2172 1134 2244 1186 de-

317 1231 321 1237 ·
399 1215 546 1277 cori,
589 1213 725 1269 alias
763 1213 1064 1284 dignitates
1102 1231 1312 1284 possem
1352 1213 1657 1279 declinare,
1698 1215 2096 1286 respondendo,
2131 1211 2240 1285 quod

401 1312 487 1348 me
526 1294 909 1348 obstrinxerim
951 1311 1014 1346 ea
1053 1291 1200 1364 lege,
1246 1312 1311 1348 ne
1349 1295 1485 1348 alias
1522 1294 1665 1349 ullas
1685 1300 2051 1366 acceptarem,
2088 1294 2244 1366 quibus

401 1373 470 1428 ob
515 1373 735 1442 negotia
773 1389 912 1443 quae
951 1371 1078 1427 hinc
1117 1374 1435 1444 recepissem
1476 1392 1687 1446 quoque
1726 1392 1835 1429 non
1874 1393 2113 1446 praeesse
2142 1371 2235 1427 mili

403 1453 630 1512 liceret:
689 1455 854 1522 atque
911 1452 989 1507 sio
1028 1470 1112 1506 me
1148 1457 1325 1506 totum
1366 1454 1565 1508 studiis
1606 1455 1760 1508 bonis
1798 1453 2151 1524 perficiendis,
2184 1455 2233 1507 ut

403 1533 667 1586 hactenus
706 1547 814 1584 non
852 1531 1148 1586 infeliciter
1182 1549 1407 1588 exorsus
1431 1576 1445 1596 ,
1486 1551 1699 1606 possem
1738 1550 2068 1590 consecrare.
2130 1533 2241 1591 Qua-

403 1615 624 1684 propter
661 1627 784 1664 cum
823 1613 1052 1681 cognovi
1075 1651 1094 1676 ,,
1135 1611 1268 1668 haec
1306 1612 1423 1666 sola
1460 1631 1577 1668 esse
1599 1655 1613 1675 ,
1656 1614 1856 1685 quibus
1882 1614 2139 1670 concessis
2156 1614 2243 1665 stu-

405 1692 512 1747 diis
565 1690 798 1761 amplius
840 1709 1031 1746 vacere
1069 1691 1289 1755 liceret,
1352 1698 1407 1746 et
1442 1694 1641 1764 quibus
1680 1695 1893 1764 negatis
1932 1695 2135 1766 penitus
2162 1691 2248 1744 fere

407 1771 600 1828 iisdem
661 1769 1072 1827 valedicendum
1125 1776 1297 1837 esset,
1364 1772 1541 1829 dicam
1596 1773 1863 1846 ampliuS,
1927 1793 2034 1848 qua
2080 1773 2249 1829 ratione

405 1852 539 1906 haec
579 1858 806 1905 conatus
844 1852 923 1906 fui
963 1853 1205 1923 exsequi:

480 1933 622 1995 lum,
665 1930 840 2002 quoad
899 1932 1184 2002 conjugem
1240 1931 1562 1989 ducendam.
1634 1933 1787 1993 Quia
1840 1938 1977 1989 tunc
2032 1934 2093 1988 31
2127 1944 2246 1986 anno·

408 2028 530 2067 rum
569 2028 749 2075 eram,
807 2028 928 2066 cum
971 2012 1104 2065 haec
1143 2012 1224 2067 sic
1262 2011 1660 2078 deliberabam,
1720 2015 1999 2084 passiones
2029 2012 2130 2084 jam
2158 2016 2247 2063 tum

405 2092 466 2147 in
515 2090 615 2145 hac
672 2094 851 2144 aetate
909 2090 1084 2161 magis
1121 2088 1178 2146 in
1218 2108 1337 2147 mea
1375 2096 1647 2163 potestate
1684 2098 1871 2155 erant,
1926 2094 2059 2149 utile
2092 2093 2151 2145 ab
2176 2086 2251 2143 illo

407 2170 552 2243 quod
591 2187 690 2224 nos
729 2169 903 2225 solum
942 2171 1182 2226 delectat
1219 2170 1701 2243 distinguendum,
1744 2189 1907 2244 quam
1946 2175 1991 2228 si
2028 2172 2129 2227 tale
2150 2166 2249 2241 quid

408 2249 764 2321 suscepissem
787 2289 805 2315 ‚
857 2267 1024 2322 quum
1065 2252 1132 2305 20
1171 2268 1439 2307 annorum
1476 2268 1656 2316 eram,
1704 2252 1947 2325 adeoque
1985 2270 2101 2324 spes
2130 2251 2247 2305 erat.

409 2348 493 2385 me
545 2347 654 2384 non
705 2330 840 2384 adeo
896 2349 1052 2401 posse
1107 2332 1255 2387 circa
1310 2331 1511 2388 similia
1566 2332 1761 2402 decipi.
1854 2335 1905 2388 2.
1972 2334 2113 2393 Quia
2146 2326 2250 2383 nihil

407 2410 610 2480 magis,
651 2427 811 2481 quam
851 2410 1232 2481 praecipitatio
1268 2411 1328 2465 in
1364 2410 1639 2466 similibus
1676 2428 1871 2467 nocere
1906 2418 2107 2484 potest:
2140 2411 2255 2465 certe

408 2488 556 2544 ultra
599 2506 801 2543 annum
843 2488 975 2545 haec
1012 2490 1090 2545 sic
1128 2490 1333 2552 direxi,
1394 2492 1707 2563 priusquam
1748 2493 1969 2564 publice
2004 2512 2085 2547 me
2116 2488 2254 2546 decla·

410 2568 561 2632 ravi,
624 2573 954 2640 tantamque
1031 2571 1119 2625 hic
1193 2573 1542 2643 prudentiam
1598 2572 1918 2628 adhibuisse·
1976 2565 2255 2630 confidentia

411 2653 552 2703 teste
592 2649 736 2713 sci0‚
793 2666 954 2720 quam
993 2652 1155 2705 credo
1192 2668 1397 2722 paucos
1436 2652 1581 2707 circa
1620 2652 1821 2707 similia
1858 2652 2127 2708 adhiberet
2176 2647 2255 2702 sic·

413 2745 518 2800 que
555 2726 624 2781 ad
663 2729 845 2781 omnia
883 2747 1255 2801 respexeram‚
1299 2737 1361 2785 ut
1398 2749 1507 2785 non
1547 2748 1757 2803 possem
1791 2735 2100 2803 praevidere
2120 2729 2257 2784 ullum

416 2824 484 2861 ex
545 2806 648 2862 hoc
703 2808 962 2879 conjugio
1017 2810 1278 2865 damnum
1334 2828 1493 2883 posse
1547 2813 1708 2878 oriri,
1764 2829 1930 2884 quam
1984 2812 2119 2885 quod
2162 2821 2257 2863 cum

413 2887 620 2940 amasia
667 2904 785 2941 mea
835 2906 901 2942 ex
938 2888 1143 2943 illustri
1182 2891 1474 2945 admodum
1513 2892 1723 2947 familia
1758 2908 1976 2965 quoque
2009 2890 2258 2957 68861(ρὸ-

415 2982 542 3019 rens
579 2965 847 3036 siquidem
884 2968 1058 3039 ipsius
1095 2971 1271 3024 nostri
1309 2970 1580 3028 Electoris
1617 2970 1989 3037 Gubernator,
2040 2963 2259 3027 Consilia·

417 3044 534 3100 rius
570 3046 800 3101 intimus
835 3051 892 3101 et
925 3050 1172 3121 Legatus
1207 3049 1483 3121 quondam
1520 3051 1589 3105 ad
1627 3051 1837 3123 Regem
1875 3052 2080 3107 Daniae
2103 3044 2259 3105 fuerat,
