2432 3554
1298 136 1411 192 176

479 297 655 351 Tertio
672 338 687 359 ‚
744 295 987 367 cognitio
1025 294 1253 361 haecce,
1292 298 1506 367 praeter
1542 312 1729 351 verum
1767 295 1998 367 proximi
2033 311 2260 356 amorem,

402 392 563 447 quem
602 376 661 430 in
700 375 857 431 nobis
892 374 1129 440 excitat,
1168 392 1270 429 nos
1306 377 1386 431 ita
1421 376 1742 437 constituit,
1785 392 2059 447 nunquam
2086 379 2142 429 ut
2161 391 2263 428 eum

400 454 531 511 odio
567 453 763 510 habere
799 472 901 511 nec
936 456 996 510 in
1022 472 1145 509 eum
1173 456 1301 511 irati
1329 473 1446 510 esse
1469 456 1740 527 possimus
1757 498 1771 521 ,
1813 457 2091 528 cupiamus
2113 456 2265 508 autem

400 552 527 589 eum
566 535 829 605 adjuvare
866 540 921 590 et
955 535 1025 589 ad
1053 534 1329 590 meliorem
1356 539 1559 590 statum
1586 536 1916 607 perducere;
1957 553 2090 607 quae
2111 550 2268 589 omnes

400 614 598 670 talium
657 615 927 669 hominem
987 615 1232 671 actiones
1269 620 1400 670 sunt
1421 658 1435 679 ,
1499 632 1750 687 magnam
1786 616 1882 687 qui
1921 615 2268 691 perfectionem

404 694 767 749 essentiumve
806 695 1059 749 habeant.
1100 724 1171 735 ·--

479 774 709 837 Quat-w,
768 774 964 830 haecce
1022 775 1265 845 cognitio
1320 775 1379 829 in
1433 773 1766 846 reipublicae
1825 774 2056 829 salutem
2091 772 2269 835 tendit,

402 857 603 928 quippe
630 873 737 927 qua
758 855 931 926 judex
953 855 1199 925 partibus
1222 856 1386 909 unius
1403 872 1530 925 prae
1550 853 1778 909 alterins
1797 854 2018 908 studere
2037 856 2267 925 nequeat,

404 939 461 990 et
515 952 685 990 unum
736 934 929 1005 punire
967 940 1191 990 coactus
1230 938 1292 988 ut
1327 934 1559 989 alterum
1597 934 1803 1004 premio
1841 934 2072 998 afliciat,
2124 934 2273 988 inten-

404 1017 555 1071 tione
593 1014 735 1069 illud
772 1015 941 1069 faciat
976 1030 1145 1069 unum
1185 1018 1472 1085 tantopere
1508 1031 1670 1085 quam
1707 1013 1944 1069 alterum
1980 1010 2263 1085 adjuvandi.

481 1097 699 1157 Quinto,
744 1095 986 1166 cognitio
1024 1094 1220 1150 haecce
1259 1112 1356 1149 nos
1394 1094 1592 1149 liberat
1627 1112 1660 1148 a
1696 1095 1960 1160 tristitia,
2014 1093 2274 1165 desperati·

404 1192 507 1229 one
526 1218 541 1239 ,
582 1174 793 1229 invidia
812 1217 825 1238 ,
867 1180 1101 1237 terrore,
1142 1174 1374 1247 aliisque
1407 1172 1565 1228 malis
1590 1174 1972 1245 passionibus,
2013 1192 2178 1248 quae,
2207 1172 2274 1227 uti

404 1259 595 1326 postea
630 1254 905 1317 dicemus,
957 1254 1218 1309 Gehenna
1253 1253 1375 1323 ipsa
1407 1259 1554 1309 sunt.

478 1334 666 1396 Sexto.
725 1335 969 1405 cognitio
1026 1334 1222 1389 haecce
1273 1350 1374 1388 uos
1429 1350 1496 1388 eo
1531 1332 1822 1406 perducit,
1881 1335 2062 1389 Deum
2100 1338 2276 1388 utnon

404 1414 727 1480 timeamus„
768 1415 851 1469 uti
888 1414 985 1469 alii
1024 1413 1355 1476 Diabolum,
1395 1432 1464 1468 ne
1501 1414 1633 1486 quid
1671 1414 1800 1469 mali
1831 1414 1900 1469 iis
1927 1414 2112 1469 faciat.
2151 1413 2274 1471 Quo·

404 1494 567 1548 modo
610 1496 752 1550 enim
792 1495 971 1549 Deum
1009 1494 1199 1548 timere
1237 1508 1520 1565 possemus
1555 1494 1649 1565 qui
1687 1494 1868 1565 ipsum
1905 1510 2167 1547 summum
2203 1491 2274 1545 bo·

406 1592 538 1628 num
576 1579 691 1638 est,
734 1580 792 1629 et
826 1593 861 1628 a
896 1590 1005 1645 quo
1042 1574 1226 1629 omnia
1260 1572 1534 1645 quandam
1573 1574 1861 1628 essentiam
1891 1574 2149 1632 habentia
2171 1570 2276 1626 sunt

406 1653 552 1724 quod
592 1659 752 1717 sunt,
796 1655 877 1709 uti
916 1657 973 1708 et
1009 1670 1107 1707 nos
1146 1654 1249 1724 ipsi
1288 1654 1358 1709 ab
1395 1671 1460 1707 eo
1497 1670 1715 1715 sumus,
1755 1654 1813 1707 in
1852 1670 1917 1707 eo
1955 1651 2224 1708 viventes?

477 1732 700 1804 Septimo
723 1774 737 1796 ‚
812 1732 1057 1806 cognitio
1114 1732 1309 1790 haecce
1364 1748 1428 1786 eo
1485 1732 1648 1788 etiam
1705 1732 1991 1804 perducit,
2067 1735 2127 1787 ut
2175 1730 2272 1786 mo

410 1814 592 1868 omnia
647 1813 1046 1878 attribuemuS,
1103 1829 1228 1868 eum
1266 1812 1442 1868 solum
1480 1829 1754 1878 amemuS,
1811 1813 1942 1883 quia
1979 1807 2271 1885 augustissi-

406 1909 527 1948 mus
577 1897 634 1948 et
688 1893 1114 1965 perfectissimus
1170 1896 1286 1954 est,
1345 1893 1531 1963 itaque
1568 1895 1632 1946 ut
1668 1892 1718 1946 ei
1757 1909 1856 1946 nos
1895 1895 2268 1949 sacrificemus}

409 1973 469 2027 iu
526 1975 739 2044 proprie
788 1978 845 2028 et
900 1989 1031 2027 vera
1085 1972 1280 2043 religio
1335 1977 1392 2027 et
1438 1975 1662 2026 aeterna
1715 1978 1902 2027 nostra
1941 1972 2090 2028 salus
2125 1975 2175 2026 et
2205 1969 2274 2022 be·

409 2051 627 2106 atitudo
682 2051 1023 2115 consistunt3
1082 2051 1199 2107 sole
1254 2053 1400 2107 enim
1455 2053 1716 2124 perfectio
1771 2055 1826 2106 et
1879 2052 2110 2106 ultimus
2161 2045 2274 2103 servi

410 2130 535 2184 finis
612 2131 1073 2203 instrumentique
1145 2130 1236 2188 hic
1305 2134 1387 2186 est
1412 2174 1426 2197 ‚
1511 2135 1574 2186 ut
1638 2131 1874 2188 officium
1941 2130 2038 2201 illi·
2087 2127 2276 2184 manda·

408 2219 529 2265 tum
589 2210 722 2266 bene
760 2211 1054 2282 ¹perficiam
1115 2228 1161 2266 e.
1225 2228 1278 2281 g.
1345 2212 1564 2282 quando
1600 2210 1750 2267 faber
1787 2213 1845 2267 in
1881 2229 2044 2283 opere
2075 2207 2274 2283 quodam

409 2288 727 2346 fabricando
784 2291 960 2346 securi
1018 2307 1119 2345 sua
1174 2305 1232 2344 se
1288 2291 1492 2362 optime
1546 2289 1796 2361 adjutum
1853 2291 2038 2358 videt,
2104 2285 2274 2346 securis

411 2370 510 2425 illa
562 2371 632 2426 ad
688 2373 850 2426 finem
907 2370 1401 2442 perfectionemque
1451 2387 1603 2425 suam
1640 2372 1720 2427 ita
1757 2373 2038 2442 pervenit:
2095 2371 2276 2426 sivero

416 2451 657 2522 cogitare
714 2450 820 2507 sibi
874 2450 1073 2506 vellet:
1136 2451 1344 2506 securis
1399 2450 1594 2508 haecce
1651 2450 1784 2508 mihi
1839 2451 2126 2507 admodum
2165 2448 2278 2502 bene
