2432 3554
1276 201 1352 258 22

367 361 453 416 nis
490 358 762 423 redditas:
820 377 922 416 neo
957 360 1122 417 etiam
1160 360 1363 431 major,
1420 359 1550 432 quia
1586 363 1721 416 tuno
1756 358 1932 414 altera
1968 357 2067 413 illa
2102 356 2267 412 finita

365 434 542 505 ess'et,
579 440 726 512 quod
764 442 1099 496 eontrarium
1135 445 1220 496 est
1256 441 1305 496 ei
1341 440 1488 512 quod
1519 439 1636 510 jam
1662 457 1695 495 a
1720 439 1880 494 nobis
1906 439 2015 494 fuit
2036 437 2263 492 demon-

367 522 621 576 stratum.
696 519 880 592 Igitur
933 521 1118 576 eadem
1137 562 1154 584 ‚
1211 525 1269 575 ει
1322 521 1402 575 itu
1436 518 1681 591 aequalis
1718 522 1863 574 εεεει
1900 521 2132 588 utraque
2170 515 2264 570 vel

366 601 506 657 duae
543 600 884 657 substantiae
921 601 1207 675 aequales,
1262 599 1409 673 quod
1446 600 1590 655 claro
1628 602 1838 672 pugnat
1876 615 1997 654 eum
2038 597 2267 652 demon-

368 682 632 736 sttatione
670 685 856 736 nostra
893 683 1089 752 priore.
1147 681 1321 736 Porro
1345 679 1486 735 illud
1510 681 1652 752 quod
1682 682 1924 735 creatum
1948 682 2064 739 est,
2105 675 2271 730 nullo

369 760 528 816 modo
564 779 594 816 ε
631 761 806 816 nihilo
841 767 1032 834 natu-m
1069 766 1188 823 εει,
1234 760 1329 816 sed
1365 759 1670 815 necessario
1706 758 1775 813 ab
1811 774 1905 822 eo,
1946 757 2039 829 qui
2078 771 2269 810 essen-

367 840 518 896 tialis
553 845 668 905 est,
725 846 966 897 creatum
1006 858 1124 897 εεεε
1161 841 1385 903 debuit3
1425 839 1571 911 quod
1606 842 1791 893 autem
1830 855 1897 892 ex
1936 854 2001 890 εο
2044 834 2264 907 aliquid

371 925 559 976 natum
597 924 770 984 esset,
811 922 958 994 quod
995 923 1112 994 ipse
1149 939 1261 976 non
1286 919 1469 974 minus
1494 918 1751 984 habetet,
1790 920 2075 989 postquam
2103 933 2172 969 ex
2198 931 2273 968 εο

373 1004 558 1056 natum
597 1001 792 1064 fuerit,
835 1001 938 1057 hoo
975 1001 1263 1058 intellectu
1298 1002 1487 1054 nostro
1523 1016 1715 1071 capere
1754 997 2065 1069 nequimus.
2116 994 2269 1050 Tan-

371 1080 492 1134 dem
530 1079 576 1136 si
613 1078 952 1135 substantiae
989 1097 1206 1138 eausam
1225 1123 1241 1145 ‚
1281 1099 1419 1154 quae
1446 1081 1772 1153 principium
1802 1083 1887 1134 εει
1911 1095 2095 1133 eorum
2122 1093 2275 1148 quae

371 1177 441 1214 ει
477 1158 746 1214 attributo
783 1159 902 1230 ejus
927 1161 1290 1232 proveniunt,
1329 1177 1587 1233 quaerere
1610 1159 1898 1221 volumus,
1938 1158 2141 1213 iterum
2166 1174 2271 1211 no-

371 1240 453 1294 bis
487 1239 797 1310 quaerenda
833 1244 919 1295 est
953 1257 1120 1296 causa
1155 1240 1310 1296 illius
1344 1257 1575 1312 causae,
1614 1243 1671 1295 ει
1708 1245 1827 1294 tum
1864 1238 2069 1294 iterum
2098 1237 2273 1307 hujus

373 1336 570 1376 causae
612 1336 809 1383 causa,
869 1323 925 1374 ει
979 1319 1058 1376 sio
1110 1319 1170 1375 in
1216 1319 1513 1375 infinitum.
1590 1319 1705 1384 Ut,
1764 1319 1811 1374 si
1862 1317 2021 1372 nobis
2058 1315 2275 1372 alieubi

373 1399 678 1456 necessario
716 1399 1048 1456 haerendum
1083 1403 1141 1456 ει
1165 1400 1615 1473 requiescendum
1642 1399 1747 1454 erit
1766 1440 1780 1464 ,
1820 1398 1923 1454 hoo
1948 1398 2045 1452 fist
2070 1397 2128 1452 in
2155 1413 2279 1451 una

376 1478 471 1534 illa
507 1479 834 1536 substantia.

445 1719 614 1781 Quod
649 1720 719 1774 ad
757 1722 810 1776 42·
827 1758 846 1786 ‚
887 1719 1033 1794 quod
1059 1737 1169 1774 non
1195 1719 1309 1776 sint
1334 1718 1643 1776 substantia
1666 1717 1756 1774 vel
1782 1717 2052 1774 attributa
2077 1717 2136 1772 in
2162 1715 2279 1772 Dei

373 1800 590 1856 infinito
626 1800 939 1863 intellectu,
982 1818 1144 1871 quam
1182 1818 1323 1873 quae
1348 1800 1461 1858 sint
1484 1800 1787 1855 formalitet
1809 1799 1869 1855 in
1894 1802 2123 1861 natura,
2170 1796 2283 1853 hoc

375 1878 838 1935 demonstramus:
876 1881 928 1937 1.
965 1898 1034 1935 ex
1070 1880 1175 1935 Dei
1211 1882 1463 1952 potentia
1484 1882 1734 1946 infinita,
1775 1881 1905 1953 quia
1929 1881 1987 1935 in
2014 1896 2079 1933 eo
2104 1894 2282 1933 eausa

374 1976 492 2014 esso
546 1960 765 2032 nequit,
839 1977 948 2032 qua
1002 1960 1208 2015 moveri
1262 1966 1445 2033 posset
1498 1979 1669 2017 unum
1724 1963 1879 2034 prius
1934 1959 2023 2015 vel
2084 1958 2281 2029 potius

374 2057 536 2113 quam
592 2040 824 2096 alterum
879 2057 1094 2104 creare:
1155 2043 1204 2098 2.
1259 2060 1327 2097 ex
1383 2042 1735 2114 simplicitate
1773 2040 2078 2098 voluntatis
2116 2038 2277 2109 ejus:

375 2122 424 2176 3.
481 2119 610 2191 quia
662 2119 719 2175 id
773 2119 917 2191 quod
977 2119 1177 2175 bonum
1234 2126 1319 2177 εει
1370 2124 1549 2181 faeere
1605 2123 1856 2179 omittere
1904 2122 2123 2194 nequit,
2186 2120 2279 2175 uti

377 2204 566 2271 postea
638 2198 1155 2261 demonstrabimu83
1222 2202 1276 2255 4.
1333 2204 1465 2275 quia
1530 2204 1586 2259 id
1650 2203 1794 2275 quod
1846 2202 2095 2261 nondum
2153 2203 2279 2264 εει,

374 2296 654 2351 nunquam
693 2296 810 2334 εεεε
846 2282 1058 2351 potest,
1100 2296 1225 2335 oum
1264 2299 1375 2336 una
1411 2282 1723 2338 substantia
1752 2282 1979 2337 alteram
2007 2278 2281 2352 produce·

373 2376 430 2412 re
487 2360 740 2431 nequeat.
817 2357 906 2413 Ex
941 2357 1142 2430 quibus
1179 2361 1432 2417 omnibus
1470 2362 1747 2434 sequitat,
1787 2362 1933 2435 quod
1971 2360 2037 2415 ds
2075 2362 2285 2414 natura

374 2438 560 2493 omnia
595 2438 653 2493 in
691 2438 945 2494 omnibus
979 2438 1273 2504 dicuntur,
1314 2445 1371 2495 ει
1405 2441 1552 2513 quod
1587 2441 1669 2496 ita
1704 2444 1903 2496 natura
1928 2438 2185 2496 consistit
2210 2455 2287 2494 ex

379 2518 611 2573 infinitis
666 2516 982 2583 attributis,
1047 2535 1277 2589 quorum
1334 2520 1759 2592 unumquodque
1815 2520 1873 2576 in
1930 2536 2126 2592 genero
2179 2535 2288 2574 suo

381 2599 679 2671 perfectum
737 2597 842 2659 sitz
903 2597 1048 2670 quod
1105 2597 1174 2653 ab
1230 2600 1377 2655 omni
1439 2603 1592 2671 parte
1649 2599 1931 2672 respondit
1968 2597 2286 2653 definitioni

380 2696 519 2752 quae
557 2677 623 2732 de
660 2678 781 2733 Deo
817 2677 895 2734 fit.
929 2707 1004 2719 —

452 2758 660 2814 Contra
695 2756 872 2821 illud,
933 2756 1080 2829 quod
1110 2757 1227 2829 jam
1264 2756 1540 2824 diximuS,
1592 2758 1847 2814 nimirum
1889 2756 2027 2812 nihil
2066 2774 2187 2813 εεεε
2226 2758 2290 2813 in

387 2839 492 2894 Dei
547 2838 763 2893 infinito
819 2837 1106 2893 intellectu
1161 2838 1271 2894 nisi
1326 2838 1470 2911 quod
1508 2837 1813 2895 formalitst
1848 2838 2051 2894 existat
2088 2838 2149 2893 in
2188 2856 2289 2894 na-

387 2923 544 2983 tura,
586 2917 840 2974 nonnulli
878 2916 957 2973 sie
993 2917 1275 2989 disputare
1311 2918 1537 2975 volunt:
