2432 3554
1101 117 1216 178 341

212 277 488 350 legitimas
523 277 941 348 consequentias
977 277 1318 341 formandas,
1362 297 1457 333 seu
1493 296 1633 351 quae
1670 279 1836 334 errori
1874 296 1982 334 non
2008 279 2103 334 ob-

215 357 442 420 noxiae;
501 375 625 412 nam
677 357 853 412 omnis
898 372 1047 410 error
1083 373 1116 410 a
1151 358 1491 412 diversarum
1529 377 1707 414 rerum
1747 360 2097 423 confusione,

208 456 348 511 quas
395 437 732 508 distinguere
786 435 967 490 docui.
1045 435 1245 496 Quoad
1292 439 1598 511 exemplum
1654 439 1799 510 quod
1843 439 2001 493 affers
2038 439 2105 493 dc

207 518 376 588 radijs
411 516 709 580 solaribuS,
749 522 894 570 certe
931 515 1277 586 ingeniosum
1314 522 1422 582 est,
1468 523 1525 572 et
1560 519 1721 574 credo
1760 519 1902 590 quod
1942 519 2103 589 pauci

207 598 514 656 assecuturi
553 597 666 652 sint
701 597 834 668 quid
873 595 1037 659 velis;
1079 598 1260 668 quoad
1300 617 1413 664 me,
1456 599 1587 671 quia
1616 599 1779 669 juxta
1816 603 2106 671 praecepta

209 696 333 734 mea
377 677 639 748 Physices
677 677 932 740 edoctus,
987 693 1273 747 corporum
1312 697 1451 750 quae
1488 678 1575 733 vel
1617 679 1947 734 solidissima
1986 679 2106 750 alijs

207 757 469 814 videntur
503 755 703 826 (veluti
741 757 972 824 vitrum)
1009 760 1192 827 partes
1228 757 1287 811 in
1324 760 1587 814 continuo
1627 765 1776 814 motu
1803 778 1954 825 esse,
1995 778 2105 815 non

209 836 502 894 difficulter
537 837 786 907 concipio
831 836 970 889 forte
1009 835 1268 905 possibile
1304 857 1451 902 esse,
1501 839 1646 910 quod
1684 839 1815 894 solis
1852 840 1997 894 actio
2034 839 2105 894 ad

207 937 308 974 nos
361 916 534 988 possit
571 916 852 987 pervenire
889 914 1094 986 absque
1132 920 1194 970 ut
1232 917 1435 972 vitrum
1475 936 1633 989 poros
1671 919 1902 981 habeat;
1962 923 2017 973 et
2054 919 2101 973 si

206 1001 344 1054 haec
385 1013 514 1051 vera
551 1014 716 1052 causa
753 1001 896 1050 esset
933 993 1098 1064 hujus
1124 995 1379 1063 effectus,
1423 1000 1613 1070 utique
1640 1016 1933 1063 errassem,
1976 997 2105 1070 quia

206 1079 452 1134 diversos
496 1079 798 1146 conceptus
853 1075 1295 1140 confundissem;
1346 1079 1441 1132 sed
1488 1077 1613 1132 ideo
1662 1096 1772 1133 non
1823 1079 2003 1132 minus
2042 1097 2105 1132 ea

202 1177 345 1230 quae
401 1156 627 1226 concepi
677 1154 745 1209 de
784 1154 934 1225 poris
973 1171 1100 1208 vera
1135 1163 1317 1210 essent
1355 1158 1413 1212 in
1452 1175 1509 1212 se
1546 1157 1919 1223 considerata,
1978 1175 2104 1214 cum

205 1244 500 1308 utrumque
538 1238 652 1292 fieri
691 1237 865 1308 possit
901 1236 1160 1308 physice,
1215 1236 1310 1290 sed
1348 1236 1540 1290 saltem
1580 1238 1638 1292 in
1676 1255 1739 1292 eo
1778 1255 1925 1292 error
1960 1242 2107 1292 esset

201 1320 416 1392 positus
433 1359 447 1380 ,
489 1318 634 1388 quod
663 1335 726 1372 ea
753 1335 893 1390 quae
919 1317 1136 1372 diversa
1153 1357 1167 1377 ‚
1207 1314 1339 1372 licet
1362 1317 1523 1372 ambo
1548 1319 1963 1389 conceptibilia,
1992 1336 2103 1374 non

201 1400 344 1455 bene
379 1398 795 1460 dixtinxissem,
837 1400 894 1450 et
929 1397 1029 1450 uni
1065 1395 1259 1450 horum
1297 1396 1522 1466 proinde
1559 1397 1933 1453 attribuissem
1958 1396 2104 1469 quod

203 1479 370 1535 alteri
413 1477 768 1539 convenirem
822 1493 1148 1547 quamquam
1201 1474 1349 1532 huno
1385 1493 1601 1548 quoque
1639 1495 1872 1531 errorem
1910 1477 2106 1549 (siqui-

200 1561 328 1616 dem
364 1561 540 1626 error)
571 1557 738 1628 juxta
771 1575 836 1610 ea
874 1573 1014 1627 quae
1051 1554 1257 1610 tradidi
1294 1555 1497 1626 optime
1537 1572 1857 1627 praecavere
1893 1557 2103 1624 potuis-

201 1656 348 1702 sem,
401 1655 526 1691 nam
577 1653 714 1707 opus
764 1635 956 1690 saltem
1009 1633 1317 1690 habuissem
1357 1635 1704 1692 considerare
1742 1635 2103 1706 proprietates

199 1717 438 1776 actionis
495 1715 842 1781 rectilineae,
903 1731 1045 1787 quae
1099 1731 1201 1786 ope
1257 1731 1511 1787 potorum
1550 1715 1712 1770 solidi
1756 1715 1998 1787 corporis
2034 1713 2105 1768 ad

199 1816 304 1855 nos
341 1796 620 1866 pervenit,
659 1813 800 1869 quae
839 1795 1031 1867 utique
1069 1794 1128 1849 in
1165 1801 1315 1851 certa
1352 1814 1409 1851 re
1446 1796 1647 1850 debent
1684 1795 1930 1849 diversae
1962 1812 2102 1859 esse,

197 1884 368 1949 atque
405 1876 532 1933 hinc
571 1876 910 1947 experientia
945 1874 1109 1932 facile
1146 1877 1523 1945 cognovissem
1562 1880 1745 1930 utrum
1776 1876 1979 1947 primae
2006 1882 2104 1930 aut

198 1958 476 2017 secundae
534 1974 731 2014 causae
788 1956 878 2011 hic
929 1956 1002 2011 sit
1051 1954 1417 2025 assignandus
1466 1955 1721 2019 effectus;
1782 1955 1883 2011 hoc
1920 1959 2103 2010 autem

201 2042 336 2096 dum
376 2039 546 2104 facio,
587 2038 768 2094 adhuc
806 2038 936 2091 dum
977 2054 1097 2091 sum
1135 2036 1193 2091 in
1233 2052 1299 2089 ea
1334 2036 1639 2097 sententia,
1682 2036 1828 2090 hunc
1852 2035 2104 2090 effectum

198 2120 370 2183 soliS,
429 2118 522 2190 qui
553 2118 662 2189 (in
709 2134 1096 2189 quamcunque
1143 2120 1352 2186 partem
1402 2134 1482 2169 me
1518 2116 1753 2183 vertam)
1792 2112 1981 2177 efficit,
2043 2118 2106 2167 ut

195 2198 348 2256 oculi
404 2215 514 2253 non
571 2199 842 2253 sustinere
892 2196 1115 2251 valeant
1169 2198 1285 2251 tam
1334 2196 1529 2250 fortem
1591 2194 1863 2249 actionem
1882 2234 1908 2269 ‚¹
1974 2191 2106 2248 licet

197 2282 407 2336 vitrum
448 2278 582 2333 satis
621 2294 864 2333 crassum
903 2275 1289 2346 interpositum
1328 2274 1403 2331 sit
1440 2274 1706 2345 longeque
1744 2274 1813 2328 ab
1850 2274 1969 2343 ipso
2002 2273 2103 2328 hoc

197 2360 350 2417 vitro
407 2366 648 2413 remotus
706 2357 838 2422 sim,
895 2372 1058 2427 poros
1109 2354 1417 2409 necessario
1465 2354 1523 2408 in
1570 2354 1756 2408 eodem
1796 2352 2101 2425 requirere,

200 2439 338 2495 licet
375 2435 598 2491 aliunde
637 2436 739 2492 hoc
777 2453 888 2489 non
925 2438 1221 2495 constaret.
1270 2434 1377 2489 Sed
1416 2433 1481 2487 de
1519 2432 1620 2489 hac
1652 2451 1707 2487 re
1733 2432 1966 2487 ulterius
1992 2431 2103 2487 dis-

198 2535 382 2575 serere
419 2535 529 2571 non
555 2534 694 2587 opus
719 2533 835 2569 esse
863 2514 1057 2579 credo,
1097 2530 1225 2569 cum
1249 2530 1359 2567 non
1384 2513 1620 2583 perfecte
1647 2518 1830 2568 certus
1850 2512 1949 2567 sim
1978 2516 2103 2566 tuas

198 2597 567 2669 cogitationes
619 2612 742 2650 cum
789 2594 924 2649 meis
960 2592 1287 2655 convenire:
1346 2592 1479 2647 satis
1516 2596 1601 2646 est
1634 2591 1745 2662 jam
1786 2591 2102 2663 exposuisse

202 2694 316 2749 qua
367 2675 579 2729 ratione
619 2674 676 2729 id
713 2674 861 2746 quod
899 2674 1208 2745 concipitur
1245 2688 1459 2743 semper
1496 2689 1682 2726 verum
1724 2673 1824 2735 sit,
1885 2688 2099 2743 quaque

199 2755 414 2812 ratione
469 2754 676 2823 absque
731 2770 911 2807 errore
949 2752 1229 2824 legitimae
1268 2751 1396 2809 hinc
1432 2752 1853 2825 consequentiae
1889 2751 2103 2823 possint

199 2834 338 2891 fieri.
415 2833 540 2891 Hoc
577 2838 761 2888 tamen
801 2848 1021 2887 necesse
1059 2837 1172 2894 est,
1230 2835 1293 2885 ut
1330 2832 1585 2902 adjiciam
1624 2832 1818 2887 haecce
1856 2831 2099 2885 nondum

199 2915 382 2971 adhuc
431 2914 674 2969 sufficere
723 2912 791 2967 ad
831 2912 1106 2983 legitimas
1141 2910 1563 2982 consequentias
1600 2911 1942 2971 formandas,
2001 2908 2099 2965 sed

201 3012 422 3051 necesse
455 2998 576 3061 est,
613 2998 678 3049 ut
713 2993 840 3067 quis
875 2993 1021 3049 circa
1057 2991 1405 3049 definitiones
1440 2989 1677 3061 alicujus
1714 2990 1822 3057 rei,
1877 2990 1979 3047 hoc
2015 2992 2102 3045 est
