<?xml version="1.0" encoding="UTF-8"?>
<!DOCTYPE html PUBLIC "-//W3C//DTD XHTML 1.0 Transitional//EN"
    "http://www.w3.org/TR/xhtml1/DTD/xhtml1-transitional.dtd">
<html xmlns="http://www.w3.org/1999/xhtml" xml:lang="en" lang="en">
 <head>
  <title>
</title>
<meta http-equiv="Content-Type" content="text/html;charset=utf-8" />
  <meta name='ocr-system' content='tesseract 3.04.00' />
  <meta name='ocr-capabilities' content='ocr_page ocr_carea ocr_par ocr_line ocrx_word'/>
</head>
<body>
  <div class='ocr_page' id='page_1' title='image "benedictidespin00vlotgoog_0138.png"; bbox 0 0 2432 3554; ppageno 0'>
   <div class='ocr_carea' id='block_1_1' title="bbox 1321 209 1436 266">
    <p class='ocr_par' dir='ltr' id='par_1_1' title="bbox 1321 209 1436 266">
     <span class='ocr_line' id='line_1_1' title="bbox 1321 209 1436 266; baseline 0.009 -1"><span class='ocrx_word' id='word_1_1' title='bbox 1321 209 1436 266; x_wconf 79' lang='lat'><strong>122</strong></span> 
     </span>
    </p>
   </div>
   <div class='ocr_carea' id='block_1_2' title="bbox 428 369 2303 603">
    <p class='ocr_par' dir='ltr' id='par_1_2' title="bbox 428 369 2303 603">
     <span class='ocr_line' id='line_1_2' title="bbox 430 369 2302 444; baseline -0.003 -14"><span class='ocrx_word' id='word_1_2' title='bbox 430 374 537 430; x_wconf 81' lang='lat' dir='ltr'><strong>etsi</strong></span> <span class='ocrx_word' id='word_1_3' title='bbox 574 376 799 429; x_wconf 80' lang='lat' dir='ltr'><strong>aeterna</strong></span> <span class='ocrx_word' id='word_1_4' title='bbox 834 373 895 426; x_wconf 90' lang='lat' dir='ltr'><strong>et</strong></span> <span class='ocrx_word' id='word_1_5' title='bbox 932 369 1376 444; x_wconf 70' lang='lat' dir='ltr'><strong>incorruptibilia</strong></span> <span class='ocrx_word' id='word_1_6' title='bbox 1391 412 1406 434; x_wconf 94' lang='lat'>,</span> <span class='ocrx_word' id='word_1_7' title='bbox 1453 369 1570 442; x_wconf 56' lang='lat' dir='ltr'><strong>‚hoc</strong></span> <span class='ocrx_word' id='word_1_8' title='bbox 1603 373 1789 426; x_wconf 79' lang='lat' dir='ltr'><strong>tamen</strong></span> <span class='ocrx_word' id='word_1_9' title='bbox 1827 387 1936 426; x_wconf 88' lang='lat' dir='ltr'><strong>non</strong></span> <span class='ocrx_word' id='word_1_10' title='bbox 1972 370 2188 444; x_wconf 81' lang='lat' dir='ltr'><strong>propria</strong></span> <span class='ocrx_word' id='word_1_11' title='bbox 2221 387 2302 426; x_wconf 76' lang='lat' dir='ltr'><strong>sua</strong></span> 
     </span>
     <span class='ocr_line' id='line_1_3' title="bbox 428 451 2302 526; baseline -0.001 -18"><span class='ocrx_word' id='word_1_12' title='bbox 428 457 635 510; x_wconf 83' lang='lat' dir='ltr'><strong>virtute</strong></span> <span class='ocrx_word' id='word_1_13' title='bbox 650 495 665 518; x_wconf 95' lang='lat'><em>,</em></span> <span class='ocrx_word' id='word_1_14' title='bbox 694 451 791 508; x_wconf 79' lang='lat' dir='ltr'><strong>sed</strong></span> <span class='ocrx_word' id='word_1_15' title='bbox 818 455 883 508; x_wconf 87' lang='lat' dir='ltr'><strong>ut</strong></span> <span class='ocrx_word' id='word_1_16' title='bbox 904 451 1051 507; x_wconf 81' lang='lat' dir='ltr'><strong>modi</strong></span> <span class='ocrx_word' id='word_1_17' title='bbox 1076 451 1220 516; x_wconf 86' lang='lat' dir='ltr'><strong>sint,</strong></span> <span class='ocrx_word' id='word_1_18' title='bbox 1249 451 1562 506; x_wconf 81' lang='lat' dir='ltr'><strong>immediate</strong></span> <span class='ocrx_word' id='word_1_19' title='bbox 1587 469 1619 507; x_wconf 89' lang='lat' dir='ltr'><strong>a</strong></span> <span class='ocrx_word' id='word_1_20' title='bbox 1641 451 1758 508; x_wconf 91' lang='lat' dir='ltr'><strong>Deo</strong></span> <span class='ocrx_word' id='word_1_21' title='bbox 1777 451 2110 524; x_wconf 75' lang='lat' dir='ltr'>pendentes:</span> <span class='ocrx_word' id='word_1_22' title='bbox 2139 469 2302 526; x_wconf 85' lang='lat' dir='ltr'><strong>quam-</strong></span> 
     </span>
     <span class='ocr_line' id='line_1_4' title="bbox 429 529 2303 603; baseline -0.002 -13"><span class='ocrx_word' id='word_1_23' title='bbox 429 535 612 590; x_wconf 83' lang='lat' dir='ltr'><strong>obrem</strong></span> <span class='ocrx_word' id='word_1_24' title='bbox 671 549 772 588; x_wconf 90' lang='lat' dir='ltr'><strong>nec</strong></span> <span class='ocrx_word' id='word_1_25' title='bbox 826 549 861 588; x_wconf 87' lang='lat' dir='ltr'><strong>a</strong></span> <span class='ocrx_word' id='word_1_26' title='bbox 914 531 1073 586; x_wconf 83' lang='lat' dir='ltr'><strong>nobis</strong></span> <span class='ocrx_word' id='word_1_27' title='bbox 1108 531 1324 603; x_wconf 79' lang='lat' dir='ltr'><strong>concipi</strong></span> <span class='ocrx_word' id='word_1_28' title='bbox 1363 535 1593 602; x_wconf 85' lang='lat' dir='ltr'><strong>possunt</strong></span> <span class='ocrx_word' id='word_1_29' title='bbox 1628 533 1736 588; x_wconf 84' lang='lat' dir='ltr'><strong>nisi</strong></span> <span class='ocrx_word' id='word_1_30' title='bbox 1771 529 1877 588; x_wconf 87' lang='lat' dir='ltr'><strong>Dei</strong></span> <span class='ocrx_word' id='word_1_31' title='bbox 1913 531 2096 586; x_wconf 87' lang='lat' dir='ltr'><strong>ideam</strong></span> <span class='ocrx_word' id='word_1_32' title='bbox 2133 531 2303 588; x_wconf 79' lang='lat' dir='ltr'><strong>habea-</strong></span> 
     </span>
    </p>
   </div>
   <div class='ocr_carea' id='block_1_3' title="bbox 429 606 2369 686">
    <p class='ocr_par' dir='ltr' id='par_1_3' title="bbox 429 606 2369 686">
     <span class='ocr_line' id='line_1_5' title="bbox 429 606 2369 686; baseline -0.001 -18"><span class='ocrx_word' id='word_1_33' title='bbox 429 629 578 678; x_wconf 86' lang='lat' dir='ltr'><strong>mus,</strong></span> <span class='ocrx_word' id='word_1_34' title='bbox 638 613 698 668; x_wconf 88' lang='lat' dir='ltr'><strong>in</strong></span> <span class='ocrx_word' id='word_1_35' title='bbox 752 627 891 686; x_wconf 82' lang='lat' dir='ltr'><strong>quo.</strong></span> <span class='ocrx_word' id='word_1_36' title='bbox 948 610 1153 683; x_wconf 84' lang='lat' dir='ltr'><strong>quippe</strong></span> <span class='ocrx_word' id='word_1_37' title='bbox 1205 610 1448 682; x_wconf 81' lang='lat' dir='ltr'><strong>perfecto</strong></span> <span class='ocrx_word' id='word_1_38' title='bbox 1499 606 1912 682; x_wconf 73' lang='lat' dir='ltr'><strong>necessarioque</strong></span> <span class='ocrx_word' id='word_1_39' title='bbox 1955 627 2112 666; x_wconf 83' lang='lat' dir='ltr'><strong>amor</strong></span> <span class='ocrx_word' id='word_1_40' title='bbox 2143 615 2306 668; x_wconf 78' lang='lat' dir='ltr'><strong>noster</strong></span> <span class='ocrx_word' id='word_1_41' title='bbox 2367 637 2369 640; x_wconf 44' lang='lat'><strong>⁴</strong></span> 
     </span>
    </p>
   </div>
   <div class='ocr_carea' id='block_1_4' title="bbox 427 689 2305 925">
    <p class='ocr_par' dir='ltr' id='par_1_4' title="bbox 427 689 2305 925">
     <span class='ocr_line' id='line_1_6' title="bbox 432 689 2305 764; baseline -0.004 -13"><span class='ocrx_word' id='word_1_42' title='bbox 432 693 739 751; x_wconf 83' lang='lat' dir='ltr'><strong>necessario</strong></span> <span class='ocrx_word' id='word_1_43' title='bbox 774 691 1055 764; x_wconf 74' lang='lat' dir='ltr'><strong>quiescere</strong></span> <span class='ocrx_word' id='word_1_44' title='bbox 1090 691 1256 746; x_wconf 85' lang='lat' dir='ltr'><strong>debet</strong></span> <span class='ocrx_word' id='word_1_45' title='bbox 1269 725 1284 752; x_wconf 89' lang='lat'><strong>‚</strong></span> <span class='ocrx_word' id='word_1_46' title='bbox 1324 697 1490 762; x_wconf 86' lang='lat' dir='ltr'><strong>atque</strong></span> <span class='ocrx_word' id='word_1_47' title='bbox 1505 731 1520 754; x_wconf 92' lang='lat'><strong>,</strong></span> <span class='ocrx_word' id='word_1_48' title='bbox 1563 693 1626 745; x_wconf 88' lang='lat' dir='ltr'><strong>ut</strong></span> <span class='ocrx_word' id='word_1_49' title='bbox 1656 690 1823 745; x_wconf 79' lang='lat' dir='ltr'><strong>verbo</strong></span> <span class='ocrx_word' id='word_1_50' title='bbox 1851 689 2100 747; x_wconf 77' lang='lat' dir='ltr'><strong>dicamus</strong></span> <span class='ocrx_word' id='word_1_51' title='bbox 2115 734 2132 756; x_wconf 89' lang='lat'><em>,</em></span> <span class='ocrx_word' id='word_1_52' title='bbox 2171 691 2305 748; x_wconf 83' lang='lat' dir='ltr'><strong>nobis</strong></span> 
     </span>
     <span class='ocr_line' id='line_1_7' title="bbox 427 769 2301 843; baseline -0.002 -14"><span class='ocrx_word' id='word_1_53' title='bbox 427 773 714 830; x_wconf 80' lang='lat' dir='ltr'><strong>intellectu</strong></span> <span class='ocrx_word' id='word_1_54' title='bbox 770 770 971 826; x_wconf 81' lang='lat' dir='ltr'><strong>nostro</strong></span> <span class='ocrx_word' id='word_1_55' title='bbox 1011 771 1126 826; x_wconf 87' lang='lat' dir='ltr'><strong>usis</strong></span> <span class='ocrx_word' id='word_1_56' title='bbox 1180 769 1519 843; x_wconf 82' lang='lat' dir='ltr'><strong>impossibile</strong></span> <span class='ocrx_word' id='word_1_57' title='bbox 1572 771 1682 825; x_wconf 89' lang='lat' dir='ltr'><strong>erit</strong></span> <span class='ocrx_word' id='word_1_58' title='bbox 1735 769 1914 826; x_wconf 87' lang='lat' dir='ltr'><strong>Deum</strong></span> <span class='ocrx_word' id='word_1_59' title='bbox 1965 788 2077 826; x_wconf 90' lang='lat' dir='ltr'><strong>non</strong></span> <span class='ocrx_word' id='word_1_60' title='bbox 2115 787 2301 834; x_wconf 77' lang='lat' dir='ltr'><strong>amare,</strong></span> 
     </span>
     <span class='ocr_line' id='line_1_8' title="bbox 428 849 1239 925; baseline -0.006 -15"><span class='ocrx_word' id='word_1_61' title='bbox 428 853 589 925; x_wconf 84' lang='lat' dir='ltr'><strong>eujus</strong></span> <span class='ocrx_word' id='word_1_62' title='bbox 624 869 825 908; x_wconf 68' lang='lat' dir='ltr'><strong>musae</strong></span> <span class='ocrx_word' id='word_1_63' title='bbox 862 849 1041 906; x_wconf 82' lang='lat' dir='ltr'><strong>clarae</strong></span> <span class='ocrx_word' id='word_1_64' title='bbox 1076 855 1239 906; x_wconf 81' lang='lat' dir='ltr'><strong>sunt:</strong></span> 
     </span>
    </p>
   </div>
   <div class='ocr_carea' id='block_1_5' title="bbox 500 1087 2307 1160">
    <p class='ocr_par' dir='ltr' id='par_1_5' title="bbox 500 1087 2307 1160">
     <span class='ocr_line' id='line_1_9' title="bbox 500 1087 2307 1160; baseline -0.001 -15"><span class='ocrx_word' id='word_1_65' title='bbox 500 1092 549 1146; x_wconf 88' lang='lat'><strong>1.</strong></span> <span class='ocrx_word' id='word_1_66' title='bbox 586 1088 731 1144; x_wconf 87' lang='lat' dir='ltr'><strong>enim</strong></span> <span class='ocrx_word' id='word_1_67' title='bbox 752 1129 767 1154; x_wconf 89' lang='lat'><strong>,</strong></span> <span class='ocrx_word' id='word_1_68' title='bbox 810 1105 934 1145; x_wconf 83' lang='lat' dir='ltr'><strong>cum</strong></span> <span class='ocrx_word' id='word_1_69' title='bbox 972 1087 1183 1160; x_wconf 83' lang='lat' dir='ltr'><strong>experti</strong></span> <span class='ocrx_word' id='word_1_70' title='bbox 1221 1088 1392 1144; x_wconf 84' lang='lat' dir='ltr'><strong>simus</strong></span> <span class='ocrx_word' id='word_1_71' title='bbox 1428 1089 1609 1144; x_wconf 88' lang='lat' dir='ltr'><strong>Deum</strong></span> <span class='ocrx_word' id='word_1_72' title='bbox 1645 1089 1823 1145; x_wconf 83' lang='lat' dir='ltr'><strong>solum</strong></span> <span class='ocrx_word' id='word_1_73' title='bbox 1849 1089 2143 1146; x_wconf 86' lang='lat' dir='ltr'><strong>essentiam</strong></span> <span class='ocrx_word' id='word_1_74' title='bbox 2169 1089 2307 1144; x_wconf 79' lang='lat' dir='ltr'><strong>habc-</strong></span> 
     </span>
    </p>
   </div>
   <div class='ocr_carea' id='block_1_6' title="bbox 328 1167 2306 1244">
    <p class='ocr_par' dir='ltr' id='par_1_6' title="bbox 328 1167 2306 1244">
     <span class='ocr_line' id='line_1_10' title="bbox 328 1167 2306 1244; baseline -0.001 -20"><span class='ocrx_word' id='word_1_75' title='bbox 328 1175 333 1180; x_wconf 68' lang='grc'><em>·</em></span> <span class='ocrx_word' id='word_1_76' title='bbox 430 1187 521 1234; x_wconf 86' lang='lat' dir='ltr'><strong>re,</strong></span> <span class='ocrx_word' id='word_1_77' title='bbox 579 1185 873 1242; x_wconf 84' lang='lat' dir='ltr'><strong>omnesque</strong></span> <span class='ocrx_word' id='word_1_78' title='bbox 909 1167 1046 1224; x_wconf 87' lang='lat' dir='ltr'><strong>alias</strong></span> <span class='ocrx_word' id='word_1_79' title='bbox 1082 1183 1171 1244; x_wconf 79' lang='lat' dir='ltr'><strong>res</strong></span> <span class='ocrx_word' id='word_1_80' title='bbox 1206 1167 1398 1224; x_wconf 83' lang='lat' dir='ltr'><strong>modos</strong></span> <span class='ocrx_word' id='word_1_81' title='bbox 1431 1169 1813 1225; x_wconf 83' lang='lat' dir='ltr'><strong>tantummodo</strong></span> <span class='ocrx_word' id='word_1_82' title='bbox 1849 1187 1996 1236; x_wconf 85' lang='lat' dir='ltr'><strong>esse,</strong></span> <span class='ocrx_word' id='word_1_83' title='bbox 2047 1168 2306 1242; x_wconf 80' lang='lat' dir='ltr'><strong>sequitur,</strong></span> 
     </span>
    </p>
   </div>
   <div class='ocr_carea' id='block_1_7' title="bbox 424 1245 2302 1324">
    <p class='ocr_par' dir='ltr' id='par_1_7' title="bbox 424 1245 2302 1324">
     <span class='ocr_line' id='line_1_11' title="bbox 424 1245 2302 1324; baseline -0.002 -18"><span class='ocrx_word' id='word_1_84' title='bbox 424 1250 557 1322; x_wconf 80' lang='lat' dir='ltr'><strong>quia</strong></span> <span class='ocrx_word' id='word_1_85' title='bbox 608 1249 756 1304; x_wconf 80' lang='lat' dir='ltr'><strong>modi</strong></span> <span class='ocrx_word' id='word_1_86' title='bbox 812 1265 921 1304; x_wconf 89' lang='lat' dir='ltr'><strong>non</strong></span> <span class='ocrx_word' id='word_1_87' title='bbox 975 1247 1111 1304; x_wconf 86' lang='lat' dir='ltr'><strong>bene</strong></span> <span class='ocrx_word' id='word_1_88' title='bbox 1162 1245 1402 1320; x_wconf 76' lang='lat' dir='ltr'><strong>intelligi</strong></span> <span class='ocrx_word' id='word_1_89' title='bbox 1459 1255 1690 1321; x_wconf 77' lang='lat' dir='ltr'>possunt</span> <span class='ocrx_word' id='word_1_90' title='bbox 1738 1249 1942 1324; x_wconf 80' lang='lat' dir='ltr'><strong>absque</strong></span> <span class='ocrx_word' id='word_1_91' title='bbox 1980 1255 2108 1306; x_wconf 86' lang='lat' dir='ltr'><strong>ente</strong></span> <span class='ocrx_word' id='word_1_92' title='bbox 2145 1268 2177 1305; x_wconf 90' lang='lat' dir='ltr'><strong>a</strong></span> <span class='ocrx_word' id='word_1_93' title='bbox 2211 1264 2302 1322; x_wconf 81' lang='lat' dir='ltr'><strong>quo</strong></span> 
     </span>
    </p>
   </div>
   <div class='ocr_carea' id='block_1_8' title="bbox 2362 31 2370 624">
    <p class='ocr_par' dir='ltr' id='par_1_8' title="bbox 2362 31 2370 624">
     <span class='ocr_line' id='line_1_12' title="bbox 2362 31 2370 624; baseline 0 0"><span class='ocrx_word' id='word_1_94' title='bbox 2362 31 2370 624; x_wconf 95' lang='lat' dir='ltr'><strong> </strong></span> 
     </span>
    </p>
   </div>
   <div class='ocr_carea' id='block_1_9' title="bbox 2362 31 2374 862">
    <p class='ocr_par' dir='ltr' id='par_1_9' title="bbox 2362 31 2374 862">
     <span class='ocr_line' id='line_1_13' title="bbox 2362 31 2374 862; baseline 0 0"><span class='ocrx_word' id='word_1_95' title='bbox 2362 31 2374 862; x_wconf 95' lang='lat' dir='ltr'><strong> </strong></span> 
     </span>
    </p>
   </div>
   <div class='ocr_carea' id='block_1_10' title="bbox 428 1327 2375 1405">
    <p class='ocr_par' dir='ltr' id='par_1_10' title="bbox 428 1327 2375 1405">
     <span class='ocr_line' id='line_1_14' title="bbox 428 1327 2375 1405; baseline 0 -21"><span class='ocrx_word' id='word_1_96' title='bbox 428 1329 701 1402; x_wconf 84' lang='lat' dir='ltr'><strong>pendent,</strong></span> <span class='ocrx_word' id='word_1_97' title='bbox 740 1332 799 1384; x_wconf 87' lang='lat' dir='ltr'><strong>et</strong></span> <span class='ocrx_word' id='word_1_98' title='bbox 832 1327 965 1400; x_wconf 83' lang='lat' dir='ltr'><strong>quia</strong></span> <span class='ocrx_word' id='word_1_99' title='bbox 998 1330 1163 1383; x_wconf 87' lang='lat' dir='ltr'><strong>antea</strong></span> <span class='ocrx_word' id='word_1_100' title='bbox 1179 1327 1297 1398; x_wconf 82' lang='lat' dir='ltr'><strong>jam</strong></span> <span class='ocrx_word' id='word_1_101' title='bbox 1323 1327 1843 1396; x_wconf 81' lang='lat' dir='ltr'><strong>demonstravimus,</strong></span> <span class='ocrx_word' id='word_1_102' title='bbox 1887 1348 1988 1386; x_wconf 89' lang='lat' dir='ltr'><strong>nos</strong></span> <span class='ocrx_word' id='word_1_103' title='bbox 2012 1349 2127 1386; x_wconf 89' lang='lat' dir='ltr'><strong>rem</strong></span> <span class='ocrx_word' id='word_1_104' title='bbox 2154 1347 2302 1405; x_wconf 86' lang='lat' dir='ltr'><strong>quan·</strong></span> <span class='ocrx_word' id='word_1_105' title='bbox 2374 1349 2375 1352; x_wconf 43' lang='lat'>¹</span> 
     </span>
    </p>
   </div>
   <div class='ocr_carea' id='block_1_11' title="bbox 426 1407 2308 1722">
    <p class='ocr_par' dir='ltr' id='par_1_11' title="bbox 426 1407 2308 1722">
     <span class='ocr_line' id='line_1_15' title="bbox 432 1407 2306 1486; baseline 0 -22"><span class='ocrx_word' id='word_1_106' title='bbox 432 1410 558 1464; x_wconf 86' lang='lat' dir='ltr'><strong>dam</strong></span> <span class='ocrx_word' id='word_1_107' title='bbox 594 1413 875 1476; x_wconf 80' lang='lat' dir='ltr'><strong>amantes,</strong></span> <span class='ocrx_word' id='word_1_108' title='bbox 911 1407 1132 1480; x_wconf 87' lang='lat' dir='ltr'><strong>quando</strong></span> <span class='ocrx_word' id='word_1_109' title='bbox 1168 1411 1351 1464; x_wconf 85' lang='lat' dir='ltr'><strong>amata</strong></span> <span class='ocrx_word' id='word_1_110' title='bbox 1385 1409 1486 1465; x_wconf 83' lang='lat' dir='ltr'><strong>illa</strong></span> <span class='ocrx_word' id='word_1_111' title='bbox 1524 1409 1799 1466; x_wconf 87' lang='lat' dir='ltr'><strong>meliorem</strong></span> <span class='ocrx_word' id='word_1_112' title='bbox 1837 1411 2076 1484; x_wconf 82' lang='lat' dir='ltr'><strong>aliquam</strong></span> <span class='ocrx_word' id='word_1_113' title='bbox 2102 1427 2306 1486; x_wconf 81' lang='lat' dir='ltr'><strong>eognos-</strong></span> 
     </span>
     <span class='ocr_line' id='line_1_16' title="bbox 428 1488 2303 1564; baseline -0.001 -19"><span class='ocrx_word' id='word_1_114' title='bbox 428 1491 631 1556; x_wconf 83' lang='lat' dir='ltr'><strong>cimus,</strong></span> <span class='ocrx_word' id='word_1_115' title='bbox 691 1491 749 1548; x_wconf 86' lang='lat' dir='ltr'><strong>in</strong></span> <span class='ocrx_word' id='word_1_116' title='bbox 788 1490 928 1546; x_wconf 89' lang='lat' dir='ltr'><strong>hanc</strong></span> <span class='ocrx_word' id='word_1_117' title='bbox 965 1488 1328 1546; x_wconf 69' lang='lat' dir='ltr'><strong>inclinaturus</strong></span> <span class='ocrx_word' id='word_1_118' title='bbox 1366 1489 1626 1562; x_wconf 83' lang='lat' dir='ltr'><strong>illamque</strong></span> <span class='ocrx_word' id='word_1_119' title='bbox 1664 1490 1986 1554; x_wconf 80' lang='lat' dir='ltr'><strong>relicturos:</strong></span> <span class='ocrx_word' id='word_1_120' title='bbox 2040 1489 2303 1564; x_wconf 83' lang='lat' dir='ltr'><strong>sequitur,</strong></span> 
     </span>
     <span class='ocr_line' id='line_1_17' title="bbox 426 1567 2308 1642; baseline -0.003 -17"><span class='ocrx_word' id='word_1_121' title='bbox 426 1570 592 1636; x_wconf 80' lang='lat' dir='ltr'><strong>dico,</strong></span> <span class='ocrx_word' id='word_1_122' title='bbox 648 1587 751 1626; x_wconf 84' lang='lat' dir='ltr'><strong>nos</strong></span> <span class='ocrx_word' id='word_1_123' title='bbox 803 1571 1011 1634; x_wconf 84' lang='lat' dir='ltr'><strong>Deum,</strong></span> <span class='ocrx_word' id='word_1_124' title='bbox 1071 1568 1274 1640; x_wconf 87' lang='lat' dir='ltr'><strong>quippe</strong></span> <span class='ocrx_word' id='word_1_125' title='bbox 1329 1569 1390 1625; x_wconf 89' lang='lat' dir='ltr'><strong>in</strong></span> <span class='ocrx_word' id='word_1_126' title='bbox 1443 1587 1554 1640; x_wconf 86' lang='lat' dir='ltr'><strong>quo</strong></span> <span class='ocrx_word' id='word_1_127' title='bbox 1591 1569 1708 1625; x_wconf 84' lang='lat' dir='ltr'><strong>solo</strong></span> <span class='ocrx_word' id='word_1_128' title='bbox 1744 1587 1932 1625; x_wconf 89' lang='lat' dir='ltr'><strong>omnes</strong></span> <span class='ocrx_word' id='word_1_129' title='bbox 1967 1567 2308 1642; x_wconf 80' lang='lat' dir='ltr'><strong>perfectiones</strong></span> 
     </span>
     <span class='ocr_line' id='line_1_18' title="bbox 428 1649 2018 1722; baseline 0 -16"><span class='ocrx_word' id='word_1_130' title='bbox 428 1652 577 1716; x_wconf 84' lang='lat' dir='ltr'><strong>sint,</strong></span> <span class='ocrx_word' id='word_1_131' title='bbox 616 1651 1037 1722; x_wconf 83' lang='lat' dir='ltr'><strong>cognoscentes,</strong></span> <span class='ocrx_word' id='word_1_132' title='bbox 1078 1650 1389 1706; x_wconf 85' lang='lat' dir='ltr'><strong>necessario</strong></span> <span class='ocrx_word' id='word_1_133' title='bbox 1423 1667 1549 1704; x_wconf 89' lang='lat' dir='ltr'><strong>eum</strong></span> <span class='ocrx_word' id='word_1_134' title='bbox 1584 1666 1766 1705; x_wconf 87' lang='lat' dir='ltr'><strong>amare</strong></span> <span class='ocrx_word' id='word_1_135' title='bbox 1803 1649 2018 1706; x_wconf 77' lang='lat' dir='ltr'><strong>debens.</strong></span> 
     </span>
    </p>
   </div>
   <div class='ocr_carea' id='block_1_12' title="bbox 423 1886 2307 2682">
    <p class='ocr_par' dir='ltr' id='par_1_12' title="bbox 423 1886 2307 2682">
     <span class='ocr_line' id='line_1_19' title="bbox 496 1886 2306 1964; baseline -0.001 -19"><span class='ocrx_word' id='word_1_136' title='bbox 496 1890 548 1947; x_wconf 75' lang='lat'><strong>2.</strong></span> <span class='ocrx_word' id='word_1_137' title='bbox 602 1886 899 1946; x_wconf 74' lang='lat' dir='ltr'><strong>Intellecta</strong></span> <span class='ocrx_word' id='word_1_138' title='bbox 955 1892 1144 1947; x_wconf 76' lang='lat' dir='ltr'><strong>nostro</strong></span> <span class='ocrx_word' id='word_1_139' title='bbox 1180 1892 1240 1946; x_wconf 88' lang='lat' dir='ltr'><strong>in</strong></span> <span class='ocrx_word' id='word_1_140' title='bbox 1277 1891 1440 1948; x_wconf 87' lang='lat' dir='ltr'><strong>rebus</strong></span> <span class='ocrx_word' id='word_1_141' title='bbox 1477 1889 1871 1964; x_wconf 79' lang='lat' dir='ltr'><strong>cognoscendis</strong></span> <span class='ocrx_word' id='word_1_142' title='bbox 1907 1895 2056 1948; x_wconf 83' lang='lat' dir='ltr'><strong>recte</strong></span> <span class='ocrx_word' id='word_1_143' title='bbox 2093 1892 2203 1955; x_wconf 81' lang='lat' dir='ltr'><strong>nsi,</strong></span> <span class='ocrx_word' id='word_1_144' title='bbox 2259 1890 2306 1944; x_wconf 90' lang='lat' dir='ltr'><strong>in</strong></span> 
     </span>
     <span class='ocr_line' id='line_1_20' title="bbox 428 1969 2305 2045; baseline 0.001 -22"><span class='ocrx_word' id='word_1_145' title='bbox 428 1969 611 2025; x_wconf 83' lang='lat' dir='ltr'><strong>causis</strong></span> <span class='ocrx_word' id='word_1_146' title='bbox 647 1984 832 2024; x_wconf 87' lang='lat' dir='ltr'><strong>earum</strong></span> <span class='ocrx_word' id='word_1_147' title='bbox 870 1984 963 2024; x_wconf 88' lang='lat' dir='ltr'><strong>eas</strong></span> <span class='ocrx_word' id='word_1_148' title='bbox 998 1986 1328 2043; x_wconf 84' lang='lat' dir='ltr'><strong>cognoscere</strong></span> <span class='ocrx_word' id='word_1_149' title='bbox 1363 1970 1656 2037; x_wconf 83' lang='lat' dir='ltr'><strong>debemus;</strong></span> <span class='ocrx_word' id='word_1_150' title='bbox 1695 1976 1754 2027; x_wconf 87' lang='lat' dir='ltr'><strong>at</strong></span> <span class='ocrx_word' id='word_1_151' title='bbox 1791 1972 1920 2045; x_wconf 85' lang='lat' dir='ltr'><strong>quia</strong></span> <span class='ocrx_word' id='word_1_152' title='bbox 1957 1970 2111 2029; x_wconf 85' lang='lat' dir='ltr'><strong>Deus</strong></span> <span class='ocrx_word' id='word_1_153' title='bbox 2149 1985 2305 2027; x_wconf 82' lang='lat' dir='ltr'><strong>rernm</strong></span> 
     </span>
     <span class='ocr_line' id='line_1_21' title="bbox 428 2048 2305 2122; baseline -0.001 -19"><span class='ocrx_word' id='word_1_154' title='bbox 428 2048 671 2103; x_wconf 84' lang='lat' dir='ltr'><strong>omnium</strong></span> <span class='ocrx_word' id='word_1_155' title='bbox 732 2048 905 2119; x_wconf 84' lang='lat' dir='ltr'><strong>prima</strong></span> <span class='ocrx_word' id='word_1_156' title='bbox 959 2060 1127 2105; x_wconf 76' lang='lat' dir='ltr'><strong>causa</strong></span> <span class='ocrx_word' id='word_1_157' title='bbox 1162 2054 1276 2116; x_wconf 85' lang='lat' dir='ltr'><strong>est,</strong></span> <span class='ocrx_word' id='word_1_158' title='bbox 1331 2052 1435 2107; x_wconf 92' lang='lat' dir='ltr'><strong>Dei</strong></span> <span class='ocrx_word' id='word_1_159' title='bbox 1473 2049 1748 2122; x_wconf 84' lang='lat' dir='ltr'><strong>cognitio,</strong></span> <span class='ocrx_word' id='word_1_160' title='bbox 1806 2050 2111 2106; x_wconf 87' lang='lat' dir='ltr'><strong>secundum</strong></span> <span class='ocrx_word' id='word_1_161' title='bbox 2143 2064 2305 2105; x_wconf 78' lang='lat' dir='ltr'><strong>rerum</strong></span> 
     </span>
     <span class='ocr_line' id='line_1_22' title="bbox 428 2128 2306 2200; baseline -0.003 -15"><span class='ocrx_word' id='word_1_162' title='bbox 428 2135 678 2186; x_wconf 86' lang='lat' dir='ltr'><strong>naturam</strong></span> <span class='ocrx_word' id='word_1_163' title='bbox 700 2172 713 2193; x_wconf 91' lang='lat'><strong>,</strong></span> <span class='ocrx_word' id='word_1_164' title='bbox 754 2128 996 2185; x_wconf 84' lang='lat' dir='ltr'><strong>omnium</strong></span> <span class='ocrx_word' id='word_1_165' title='bbox 1034 2130 1268 2187; x_wconf 83' lang='lat' dir='ltr'><strong>aliarum</strong></span> <span class='ocrx_word' id='word_1_166' title='bbox 1305 2148 1486 2187; x_wconf 84' lang='lat' dir='ltr'><strong>rerum</strong></span> <span class='ocrx_word' id='word_1_167' title='bbox 1524 2130 1893 2199; x_wconf 81' lang='lat' dir='ltr'><strong>cognitionem</strong></span> <span class='ocrx_word' id='word_1_168' title='bbox 1929 2130 2206 2200; x_wconf 76' lang='lat' dir='ltr'><strong>praecedit</strong></span> <span class='ocrx_word' id='word_1_169' title='bbox 2229 2128 2306 2181; x_wconf 82' lang='lat' dir='ltr'><strong>ha·</strong></span> 
     </span>
     <span class='ocr_line' id='line_1_23' title="bbox 428 2208 2306 2284; baseline -0.003 -19"><span class='ocrx_word' id='word_1_170' title='bbox 428 2228 655 2283; x_wconf 84' lang='lat' dir='ltr'><strong>rumque</strong></span> <span class='ocrx_word' id='word_1_171' title='bbox 690 2211 936 2283; x_wconf 80' lang='lat' dir='ltr'><strong>cognitio</strong></span> <span class='ocrx_word' id='word_1_172' title='bbox 972 2212 1343 2284; x_wconf 86' lang='lat' dir='ltr'><strong>cognitionem</strong></span> <span class='ocrx_word' id='word_1_173' title='bbox 1379 2210 1588 2283; x_wconf 80' lang='lat' dir='ltr'><strong>primae</strong></span> <span class='ocrx_word' id='word_1_174' title='bbox 1623 2226 1820 2265; x_wconf 83' lang='lat' dir='ltr'><strong>causae</strong></span> <span class='ocrx_word' id='word_1_175' title='bbox 1855 2210 2124 2281; x_wconf 80' lang='lat' dir='ltr'><strong>sequitur.</strong></span> <span class='ocrx_word' id='word_1_176' title='bbox 2185 2208 2306 2263; x_wconf 80' lang='lat' dir='ltr'><strong>eum</strong></span> 
     </span>
     <span class='ocr_line' id='line_1_24' title="bbox 425 2289 2306 2363; baseline -0.003 -16"><span class='ocrx_word' id='word_1_177' title='bbox 425 2293 505 2347; x_wconf 84' lang='lat' dir='ltr'><strong>ita</strong></span> <span class='ocrx_word' id='word_1_178' title='bbox 541 2308 705 2345; x_wconf 77' lang='lat' dir='ltr'><strong>verus</strong></span> <span class='ocrx_word' id='word_1_179' title='bbox 740 2306 891 2346; x_wconf 86' lang='lat' dir='ltr'><strong>amor</strong></span> <span class='ocrx_word' id='word_1_180' title='bbox 926 2308 1138 2363; x_wconf 83' lang='lat' dir='ltr'><strong>semper</strong></span> <span class='ocrx_word' id='word_1_181' title='bbox 1174 2310 1205 2346; x_wconf 91' lang='lat' dir='ltr'><strong>e</strong></span> <span class='ocrx_word' id='word_1_182' title='bbox 1242 2290 1556 2363; x_wconf 85' lang='lat' dir='ltr'><strong>cognitione</strong></span> <span class='ocrx_word' id='word_1_183' title='bbox 1593 2289 1882 2361; x_wconf 89' lang='lat' dir='ltr'><strong>procedat,</strong></span> <span class='ocrx_word' id='word_1_184' title='bbox 1921 2289 2067 2361; x_wconf 85' lang='lat' dir='ltr'><strong>quod</strong></span> <span class='ocrx_word' id='word_1_185' title='bbox 2107 2306 2189 2344; x_wconf 86' lang='lat' dir='ltr'><strong>res</strong></span> <span class='ocrx_word' id='word_1_186' title='bbox 2211 2304 2306 2341; x_wconf 77' lang='lat' dir='ltr'><strong>ma-</strong></span> 
     </span>
     <span class='ocr_line' id='line_1_25' title="bbox 426 2366 2307 2443; baseline -0.004 -16"><span class='ocrx_word' id='word_1_187' title='bbox 426 2372 625 2443; x_wconf 84' lang='lat' dir='ltr'><strong>gnifica</strong></span> <span class='ocrx_word' id='word_1_188' title='bbox 662 2370 912 2443; x_wconf 86' lang='lat' dir='ltr'><strong>bonaque</strong></span> <span class='ocrx_word' id='word_1_189' title='bbox 948 2370 1053 2435; x_wconf 82' lang='lat' dir='ltr'><strong>sit,</strong></span> <span class='ocrx_word' id='word_1_190' title='bbox 1102 2372 1366 2443; x_wconf 80' lang='lat' dir='ltr'><strong>quidnam</strong></span> <span class='ocrx_word' id='word_1_191' title='bbox 1403 2369 1553 2425; x_wconf 86' lang='lat' dir='ltr'><strong>aliud</strong></span> <span class='ocrx_word' id='word_1_192' title='bbox 1591 2368 1722 2424; x_wconf 86' lang='lat' dir='ltr'><strong>inde</strong></span> <span class='ocrx_word' id='word_1_193' title='bbox 1757 2368 1909 2441; x_wconf 84' lang='lat' dir='ltr'><strong>sequi</strong></span> <span class='ocrx_word' id='word_1_194' title='bbox 1947 2373 2159 2439; x_wconf 83' lang='lat' dir='ltr'><strong>potest,</strong></span> <span class='ocrx_word' id='word_1_195' title='bbox 2211 2366 2307 2420; x_wconf 85' lang='lat' dir='ltr'><strong>nisi</strong></span> 
     </span>
     <span class='ocr_line' id='line_1_26' title="bbox 423 2448 2305 2522; baseline -0.001 -15"><span class='ocrx_word' id='word_1_196' title='bbox 423 2453 483 2507; x_wconf 84' lang='lat' dir='ltr'><strong>in</strong></span> <span class='ocrx_word' id='word_1_197' title='bbox 520 2451 792 2507; x_wconf 87' lang='lat' dir='ltr'><strong>neminem</strong></span> <span class='ocrx_word' id='word_1_198' title='bbox 829 2466 953 2506; x_wconf 86' lang='lat' dir='ltr'><strong>eum</strong></span> <span class='ocrx_word' id='word_1_199' title='bbox 990 2451 1367 2508; x_wconf 82' lang='lat' dir='ltr'><strong>vehementius</strong></span> <span class='ocrx_word' id='word_1_200' title='bbox 1399 2465 1792 2522; x_wconf 85' lang='lat' dir='ltr'><strong>processurum·</strong></span> <span class='ocrx_word' id='word_1_201' title='bbox 1817 2466 1980 2521; x_wconf 83' lang='lat' dir='ltr'><strong>quam</strong></span> <span class='ocrx_word' id='word_1_202' title='bbox 2017 2449 2076 2505; x_wconf 89' lang='lat' dir='ltr'><strong>in</strong></span> <span class='ocrx_word' id='word_1_203' title='bbox 2113 2448 2305 2506; x_wconf 75' lang='lat' dir='ltr'><strong>Deum,</strong></span> 
     </span>
     <span class='ocr_line' id='line_1_27' title="bbox 427 2528 2306 2603; baseline -0.003 -18"><span class='ocrx_word' id='word_1_204' title='bbox 427 2530 725 2586; x_wconf 80' lang='lat' dir='ltr'><strong>Dominum</strong></span> <span class='ocrx_word' id='word_1_205' title='bbox 765 2534 1043 2596; x_wconf 83' lang='lat' dir='ltr'><strong>nostrum,</strong></span> <span class='ocrx_word' id='word_1_206' title='bbox 1086 2532 1290 2603; x_wconf 84' lang='lat' dir='ltr'><strong>quippe</strong></span> <span class='ocrx_word' id='word_1_207' title='bbox 1325 2530 1421 2603; x_wconf 85' lang='lat' dir='ltr'><strong>qni</strong></span> <span class='ocrx_word' id='word_1_208' title='bbox 1459 2528 1610 2585; x_wconf 82' lang='lat' dir='ltr'><strong>solus</strong></span> <span class='ocrx_word' id='word_1_209' title='bbox 1647 2528 1969 2601; x_wconf 80' lang='lat' dir='ltr'><strong>magnificus</strong></span> <span class='ocrx_word' id='word_1_210' title='bbox 1998 2528 2306 2600; x_wconf 82' lang='lat' dir='ltr'><strong>perfectum·</strong></span> 
     </span>
     <span class='ocr_line' id='line_1_28' title="bbox 426 2608 921 2682; baseline -0.004 -16"><span class='ocrx_word' id='word_1_211' title='bbox 426 2626 533 2682; x_wconf 81' lang='lat' dir='ltr'><strong>que</strong></span> <span class='ocrx_word' id='word_1_212' title='bbox 570 2610 775 2666; x_wconf 86' lang='lat' dir='ltr'><strong>bonum</strong></span> <span class='ocrx_word' id='word_1_213' title='bbox 806 2608 921 2665; x_wconf 79' lang='lat' dir='ltr'><strong>sit?</strong></span> 
     </span>
    </p>
   </div>
   <div class='ocr_carea' id='block_1_13' title="bbox 426 2763 2308 3081">
    <p class='ocr_par' dir='ltr' id='par_1_13' title="bbox 426 2763 2308 2923">
     <span class='ocr_line' id='line_1_29' title="bbox 502 2763 2308 2842; baseline -0.003 -18"><span class='ocrx_word' id='word_1_214' title='bbox 502 2768 770 2825; x_wconf 85' lang='lat' dir='ltr'><strong>Videmus</strong></span> <span class='ocrx_word' id='word_1_215' title='bbox 820 2770 1022 2842; x_wconf 85' lang='lat' dir='ltr'><strong>igitur,</strong></span> <span class='ocrx_word' id='word_1_216' title='bbox 1078 2768 1352 2842; x_wconf 84' lang='lat' dir='ltr'><strong>quomodo</strong></span> <span class='ocrx_word' id='word_1_217' title='bbox 1386 2784 1624 2823; x_wconf 84' lang='lat' dir='ltr'><strong>amorem</strong></span> <span class='ocrx_word' id='word_1_218' title='bbox 1660 2766 2096 2831; x_wconf 84' lang='lat' dir='ltr'><strong>corroboremus,</strong></span> <span class='ocrx_word' id='word_1_219' title='bbox 2154 2763 2308 2837; x_wconf 85' lang='lat' dir='ltr'><strong>quod-</strong></span> 
     </span>
     <span class='ocr_line' id='line_1_30' title="bbox 426 2848 1510 2923; baseline 0.001 -20"><span class='ocrx_word' id='word_1_220' title='bbox 426 2866 532 2919; x_wconf 87' lang='lat' dir='ltr'><strong>que</strong></span> <span class='ocrx_word' id='word_1_221' title='bbox 569 2849 625 2903; x_wconf 90' lang='lat' dir='ltr'><strong>in</strong></span> <span class='ocrx_word' id='word_1_222' title='bbox 666 2848 789 2903; x_wconf 89' lang='lat' dir='ltr'><strong>Deo</strong></span> <span class='ocrx_word' id='word_1_223' title='bbox 822 2849 941 2905; x_wconf 88' lang='lat' dir='ltr'><strong>solo</strong></span> <span class='ocrx_word' id='word_1_224' title='bbox 976 2850 1256 2923; x_wconf 82' lang='lat' dir='ltr'><strong>quiescere</strong></span> <span class='ocrx_word' id='word_1_225' title='bbox 1298 2848 1510 2905; x_wconf 81' lang='lat' dir='ltr'><strong>debeat.</strong></span> 
     </span>
    </p>

    <p class='ocr_par' dir='ltr' id='par_1_14' title="bbox 428 2922 2305 3081">
     <span class='ocr_line' id='line_1_31' title="bbox 499 2922 2305 2999; baseline -0.002 -13"><span class='ocrx_word' id='word_1_226' title='bbox 499 2928 667 2987; x_wconf 77' lang='lat' dir='ltr'><strong>Quod</strong></span> <span class='ocrx_word' id='word_1_227' title='bbox 722 2928 791 2983; x_wconf 83' lang='lat' dir='ltr'><strong>de</strong></span> <span class='ocrx_word' id='word_1_228' title='bbox 844 2944 1029 2984; x_wconf 82' lang='lat' dir='ltr'><strong>amore</strong></span> <span class='ocrx_word' id='word_1_229' title='bbox 1083 2926 1322 2999; x_wconf 81' lang='lat' dir='ltr'><strong>amplius</strong></span> <span class='ocrx_word' id='word_1_230' title='bbox 1377 2926 1700 2992; x_wconf 76' lang='lat' dir='ltr'><strong>dicendum,</strong></span> <span class='ocrx_word' id='word_1_231' title='bbox 1756 2926 1938 2983; x_wconf 85' lang='lat' dir='ltr'><strong>dicere</strong></span> <span class='ocrx_word' id='word_1_232' title='bbox 1973 2922 2305 2983; x_wconf 73' lang='lat' dir='ltr'><strong>conabimur,</strong></span> 
     </span>
     <span class='ocr_line' id='line_1_32' title="bbox 428 3006 1934 3081; baseline 0 -20"><span class='ocrx_word' id='word_1_233' title='bbox 428 3006 649 3077; x_wconf 86' lang='lat' dir='ltr'><strong>quando</strong></span> <span class='ocrx_word' id='word_1_234' title='bbox 684 3008 751 3061; x_wconf 89' lang='lat' dir='ltr'><strong>de</strong></span> <span class='ocrx_word' id='word_1_235' title='bbox 788 3012 1063 3080; x_wconf 75' lang='lat' dir='ltr'><strong>postrema</strong></span> <span class='ocrx_word' id='word_1_236' title='bbox 1096 3007 1438 3079; x_wconf 82' lang='lat' dir='ltr'><strong>cognitionis</strong></span> <span class='ocrx_word' id='word_1_237' title='bbox 1475 3006 1656 3081; x_wconf 79' lang='lat' dir='ltr'><strong>speeie</strong></span> <span class='ocrx_word' id='word_1_238' title='bbox 1690 3022 1934 3079; x_wconf 79' lang='lat' dir='ltr'><strong>agemus.</strong></span> 
     </span>
    </p>
   </div>
   <div class='ocr_carea' id='block_1_14' title="bbox 2377 1762 2379 1855">
    <p class='ocr_par' dir='ltr' id='par_1_15' title="bbox 2377 1762 2379 1855">
     <span class='ocr_line' id='line_1_33' title="bbox 2377 1762 2379 1855; baseline 0 -10"><span class='ocrx_word' id='word_1_239' title='bbox 2377 1762 2379 1855; x_wconf 60' lang='grc' dir='ltr'>Ξ</span> 
     </span>
    </p>
   </div>
  </div>
 </body>
</html>
