2432 3554
374 1464 621 1535 adjecta,
662 1464 873 1519 radium
912 1464 1141 1519 exhibeo
1178 1465 1227 1519 Ο
1263 1465 1342 1530 F,
1381 1469 1438 1518 et
1475 1482 1570 1536 per
1607 1469 1870 1535 punctum
1896 1465 1975 1530 F,
2018 1465 2244 1519 undem·

373 1544 567 1599 fractio
604 1545 673 1598 ad
710 1544 766 1599 K
803 1546 1082 1615 procedit,
1124 1544 1264 1599 duco
1303 1544 1501 1599 lineam
1542 1548 1857 1615 tangentem
1895 1545 1965 1599 ad
2005 1544 2250 1601 circulum

371 1626 425 1679 A
449 1624 494 1679 F
520 1625 567 1677 B
606 1625 663 1678 in
700 1624 775 1686 F;
838 1628 895 1678 at
932 1626 1092 1697 quia,
1134 1625 1431 1679 seeundum
1473 1625 1707 1680 Cartesii
1747 1624 2055 1680 doctrinam
2096 1625 2150 1679 in
2189 1642 2252 1677 se·

371 1703 552 1759 cundo
608 1709 878 1759 tractatus
933 1704 999 1758 de
1056 1704 1367 1775 Teleseopis
1405 1705 1614 1775 eapite,
1679 1705 1854 1759 lineae
1891 1704 1940 1758 O
1965 1704 2014 1758 P
2054 1710 2112 1758 et
2145 1704 2252 1759 RL

374 1783 754 1838 refractionem
794 1785 947 1841 illam
988 1785 1384 1849 dimetiuntur,
1427 1785 1570 1840 linae
1608 1785 1666 1840 H
1700 1785 1746 1840 F
1786 1791 1840 1838 et
1877 1783 2254 1840 CIrefraotio-

372 1882 491 1917 nem
532 1863 683 1918 illam
722 1867 887 1920 etiam
928 1865 1318 1929 dimetientur,
1370 1883 1494 1920 cum
1534 1865 1678 1919 linea
1715 1866 1770 1918 H
1805 1865 1852 1918 F
1888 1865 2071 1919 lineae
2109 1865 2155 1919 Ο
2189 1863 2249 1921 P.

370 1947 425 1996 et
482 1942 629 1997 linea
677 1943 721 1996 O
759 1945 791 2000 I
846 1944 1021 1998 lineae
1078 1944 1135 1998 R
1169 1945 1220 1998 L
1277 1945 1531 2016 aequales
1569 1946 1712 2004 sint:
1770 1963 1896 2000 nam
1934 1947 2069 2017 quia
2105 1943 2252 2000 trian-

370 2023 626 2094 gulorum
665 2023 712 2078 P
738 2023 785 2078 O
810 2023 855 2078 F
894 2028 949 2079 et
986 2025 1044 2080 H
1068 2023 1113 2077 F
1138 2024 1184 2078 C
1224 2023 1396 2078 latera
1433 2027 1480 2081 O
1505 2025 1550 2079 F
1589 2029 1644 2079 et
1679 2024 1726 2080 F
1751 2025 1795 2078 C
1827 2025 2084 2096 aequalia
2112 2027 2250 2085 sunt,

370 2105 571 2175 quippe
609 2105 839 2159 duorum
878 2105 1188 2176 aequalium
1222 2104 1550 2160 circulorum
1589 2105 1978 2159 diametrorum
2003 2103 2250 2158 dimidia.

370 2188 426 2238 et
464 2185 593 2255 quia
620 2185 973 2256 reetangulus
1001 2184 1049 2239 O
1074 2184 1121 2238 P
1145 2185 1191 2238 F
1219 2185 1382 2239 etiam
1410 2185 1656 2256 aequalis
1683 2189 1766 2238 est
1791 2183 2119 2254 rectangulo
2141 2185 2190 2240 F
2211 2183 2258 2238 H

368 2263 413 2316 G
450 2264 795 2336 angulusque
834 2268 1093 2319 externus
1130 2264 1310 2319 OFP
1347 2264 1563 2319 interno
1589 2265 1642 2318 H
1669 2265 1714 2318 C
1738 2264 1816 2325 Ἐς
1857 2264 2112 2334 sequitur
2127 2266 2178 2332 1)
2203 2261 2258 2315 11·-

367 2364 496 2400 neas
528 2346 577 2400 O
602 2347 649 2400 P
686 2351 741 2401 et
764 2345 811 2400 F
838 2347 892 2399 H
916 2347 1062 2400 inter
1087 2364 1143 2399 se
1170 2344 1424 2417 aequales
1451 2345 1616 2398 etiam
1642 2362 1780 2398 esse.
1820 2343 2026 2397 Eadem
2057 2343 2257 2398 ratione

368 2427 774 2480 demonstratur
830 2425 1001 2480 lineas
1063 2425 1119 2480 R
1166 2427 1216 2480 L
1278 2429 1335 2478 et
1393 2424 1439 2478 C
1467 2425 1500 2479 I
1561 2425 1704 2478 inter
1741 2441 1798 2478 se
1835 2440 1952 2476 esse
1988 2422 2254 2494 aequales.

369 2506 518 2564 Quia
555 2523 685 2560 vero
724 2507 899 2560 lineae
936 2504 984 2559 Ο
1010 2506 1057 2560 Ρ
1094 2508 1151 2558 et
1185 2505 1243 2559 R
1265 2501 1316 2557 L
1355 2503 1734 2559 refractionem
1775 2503 2038 2568 metiunt,
2103 2502 2256 2557 etiam

370 2585 545 2638 lineae
602 2585 648 2639 F
674 2585 733 2639 H
776 2589 831 2639 et
868 2585 913 2638 C
940 2585 971 2640 I
1029 2585 1203 2655 ipsam
1241 2583 1613 2640 dimetientur.
1687 2583 1852 2642 Quod
1890 2585 2008 2636 erat
2047 2583 2260 2638 demon·

374 2664 678 2719 strandum.

432 3059 481 3117 1)
545 3057 632 3104 Per
664 3061 784 3106 26m.
813 3058 990 3119 prioris.
