2432 3554
1044 147 1160 203 293

168 305 330 360 facere
365 305 538 377 possit
574 304 746 360 ullum
786 306 1060 372 favorem,
1135 305 1393 361 nemhum
1431 307 1616 371 favor,
1656 323 1779 360 nem
1817 306 2051 364 debaixo

169 401 316 440 nemo
351 385 452 439 snb
489 388 636 440 tecto
673 402 796 441 cum
824 385 921 440 illo
947 391 1056 440 sta·
1131 388 1198 440 de
1236 385 1397 440 techo
1423 390 1568 440 estat
1592 403 1711 440 com
1740 385 1843 441 elle
1864 429 1876 449 ,
1920 407 2045 444 nem

167 481 245 527 re,
282 482 439 519 nemo
474 469 708 536 quatuor
727 465 1062 520 distantibus
1131 464 1296 535 junto
1369 464 1436 519 de
1510 472 1705 538 quatro
1777 469 2047 533 covados,

167 544 330 607 ulnis,
371 562 528 599 nemo
559 544 945 600 documentum
973 545 1056 600 ul·
1129 563 1253 600 nem
1310 544 1421 600 leet
1477 544 1635 616 papel
1684 545 1870 616 algum
1909 547 2043 603 feito

167 621 264 677 lum
302 623 482 695 legere
517 624 586 678 ab
623 643 686 678 eo
724 626 928 682 factum
967 625 1056 680 vel
1129 642 1202 680 ou
1239 625 1439 680 escrito
1477 643 1577 696 por
1613 625 1735 680 elle.

166 703 436 773 scriptum.

226 844 524 916 Apologia,
565 863 726 917 quam
765 865 796 901 a
834 845 1098 917 Spinoza‚
1137 847 1196 902 in
1234 846 1598 902 anathematis
1635 847 1798 917 hujus
1823 865 2045 918 respon·

165 924 360 980 sionem
399 925 656 997 scriptam
695 925 919 991 dicunt,
961 927 1122 983 hodie
1161 927 1354 982 saltem
1393 945 1503 982 non
1539 927 1775 999 amplius
1811 931 2009 984 exstat.

1038 1071 1152 1140 §4-

223 1188 346 1248 Qno
384 1191 626 1260 tempore
655 1189 1002 1245 anathemate
1027 1190 1355 1246 interdictus
1382 1194 1466 1245 est
1484 1231 1497 1255 ,
1538 1191 1828 1261 Spinozam
1850 1191 2043 1248 absen-

163 1273 258 1323 tem
315 1267 485 1322 fuisse
539 1269 819 1340 cognitum
859 1275 971 1335 est,
1023 1288 1256 1342 cumque
1294 1271 1408 1326 vita
1446 1276 1634 1326 nostra
1670 1273 2043 1343 manuscript-a

159 1351 370 1410 disertis
397 1351 552 1406 nobis
589 1354 775 1404 narret
810 1350 990 1406 verbis
1011 1369 1130 1404 eum
1149 1393 1164 1415 ‚
1193 1356 1317 1422 post
1336 1356 1519 1422 togam
1546 1369 1581 1404 a
1605 1350 1783 1406 zelota
1806 1352 2041 1424 quodam

159 1433 263 1494 ictu
317 1433 678 1506 perforatam,
739 1429 1210 1486 Amstelodamum
1250 1430 1535 1502 reliquisse
1574 1435 1631 1484 et
1666 1431 1779 1486 ruri
1829 1431 2038 1487 habita-

157 1513 348 1569 tionem
400 1510 732 1583 quaesivisse
758 1511 839 1578 ²),
899 1510 1196 1565 verisimile
1239 1515 1325 1564 est
1372 1527 1493 1564 eum
1526 1509 1642 1580 jam
1680 1514 1814 1564 tunc
1853 1510 2043 1566 urbem

157 1593 286 1648 inter
311 1598 369 1648 et
393 1589 802 1647 Ouderkerkam
829 1590 976 1660 apud
1003 1590 1325 1645 familiarem
1349 1590 1517 1644 istum
1550 1590 1836 1644 recessisse
1853 1633 1866 1653 ,
1910 1609 2042 1662 quo·

156 1689 270 1728 cum
291 1674 362 1728 ad
391 1671 644 1726 ultimum
672 1685 815 1724 anno
836 1669 976 1722 1660
1001 1668 1434 1740 Rhenoburgum
1460 1686 1517 1722 se
1542 1669 1798 1724 contulit.
1842 1669 2041 1740 Cogni-

155 1755 262 1809 tum
285 1753 434 1809 enim
471 1755 556 1806 est
591 1767 736 1805 anno
773 1749 1022 1820 sequenti
1060 1749 1474 1823 Oldenburgum
1512 1767 1636 1805 eum
1666 1750 1743 1805 ibi
1771 1750 2041 1811 visitasse.

156 1833 288 1889 Eum
320 1850 453 1888 vero
489 1848 614 1887 cum
653 1829 864 1900 hospite
904 1828 1389 1885 Ouderkerckiano
1426 1830 1561 1884 illuc
1597 1829 1811 1885 venisse
1850 1848 2041 1887 rursus

153 1932 181 1967 e
232 1915 348 1970 vila
398 1914 481 1969 M.
517 1913 574 1967 S.
616 1914 804 1964 nostra
843 1913 1030 1979 patet,
1088 1909 1182 1965 ubi
1220 1909 1453 1979 legimus
1492 1907 1871 1981 philosophum
1912 1928 2037 1966 cum

153 2012 210 2049 eo
247 1994 518 2049 habitasse
557 2008 728 2062 usque
766 1989 834 2043 sd
873 1996 1088 2060 tempus
1125 2006 1233 2060 quo
1268 2006 1375 2043 cum
1409 2006 1465 2043 eo
1502 1988 1937 2059 Rhenoburgum
1981 2008 2039 2045 se

153 2076 350 2145 recepit
365 2074 430 2141 ²).
500 2070 735 2125 Videtur
787 2067 959 2139 igitur
1023 2068 1220 2138 hospes
1272 2067 1368 2123 ille
1419 2085 1603 2122 eorum
1644 2072 1826 2121 sectae
1864 2069 2038 2123 adnu-

154 2153 463 2213 merandus,
523 2150 617 2221 qui
674 2149 1036 2219 Riy'nsburqers
1089 2146 1179 2201 vel
1236 2148 1576 2203 Colleotanten
1613 2146 1783 2211 dicti,
1842 2146 1941 2202 illo
1978 2148 2038 2205 in

151 2232 296 2299 vico,
338 2232 408 2287 ad
432 2231 654 2286 initium
680 2246 850 2300 usque
891 2228 1054 2298 hujus
1081 2228 1251 2283 seculi
1280 2227 1482 2283 versati
1508 2233 1637 2282 sunt
1655 2273 1667 2293 ,
1710 2227 2035 2299 quibuscum

150 2342 210 2353 —-
231 2310 514 2368 nonnullis
541 2309 732 2364 saltem
758 2304 968 2373 sorim,
994 2307 1077 2363 uti
1105 2312 1160 2361 et
1183 2308 1634 2363 Mennonitarum
1653 2338 1725 2349 —
1744 2306 2035 2377 Spinozam

149 2395 200 2445 et
233 2392 432 2447 deinde
469 2388 712 2446 amicitia
730 2388 985 2457 junctum
1013 2386 1181 2441 fuisse
1207 2386 1440 2449 scimus,
1480 2403 1817 2457 quorumque
1842 2404 1909 2441 ex
1937 2386 2039 2443 Or·

147 2470 550 2541 phanotropheo
586 2466 1082 2523 Amstelodamensi
1101 2497 1170 2507 -—
1191 2468 1257 2521 de
1296 2466 1644 2537 Oranjeappel
1677 2466 1943 2537 inscripto
1964 2495 2037 2509 —

147 2550 299 2604 nobis
329 2550 490 2604 hodie
529 2548 795 2620 Spinozae
831 2546 1124 2607 Tractatus
1169 2562 1295 2601 cum
1332 2545 1447 2601 vita
1485 2542 1858 2614 manuscripta
1890 2546 2035 2616 epis·

145 2626 374 2701 telisque
411 2632 798 2701 provenerunt.

199 2803 245 2861 1)
277 2804 391 2861 „Dit
423 2805 550 2863 geval
583 2803 766 2862 bewoog
797 2802 895 2847 hem
929 2816 1004 2847 om
1033 2800 1131 2847 zich
1165 2815 1277 2847 voor
1306 2800 1455 2847 altoos
1486 2813 1574 2845 van
1606 2797 1741 2845 haare
1762 2812 2035 2858 samenspre-

141 2870 299 2933 kingen
345 2889 401 2919 en
433 2873 741 2933 verkiezingen
773 2878 820 2919 te
851 2872 1083 2928 ontslaan‚
1131 2886 1210 2927 en,
1262 2886 1338 2918 ver
1370 2884 1456 2917 van
1488 2873 1601 2928 zijne
1633 2867 1843 2913 vrienden
1874 2883 1930 2914 en
1963 2868 2035 2916 be·

142 2940 306 2991 kendon
317 2980 331 3001 ,
364 2944 644 2990 Amstcrdam
662 2950 708 2989 te
725 2942 948 2989 vorlaaten
965 2957 1022 2988 en
1037 2957 1095 3001 op
1113 2942 1188 2990 het
1204 2940 1311 2989 land
1326 2946 1439 3001 zijne
1455 2938 1730 2999 woonplaats
1746 2944 1793 2984 te
1808 2940 2041 2988 neemen.”

201 3015 248 3075 2)
277 3015 446 3074 „Totte
475 3019 548 3077 tijt
581 3016 639 3075 hy
668 3014 767 3061 sich
795 3020 879 3063 met
908 3013 1080 3062 deeelve
1111 3028 1171 3060 na
1202 3011 1449 3073 Bijnsburg
1480 3009 1537 3070 by
1566 3007 1737 3056 Iasiden
1768 3008 1942 3069 begs-13⁹⁹
