2432 3554
1244 177 1317 235 18

399 339 565 402 Quod
617 339 687 394 ad
745 339 796 392 1.
857 354 965 392 non
1022 337 1255 399 existere
1294 335 1657 390 substantiam
1695 337 1790 390 fin.
1832 339 1975 400 eto.,
2018 336 2065 392 si
2102 337 2227 408 quis

329 421 660 480 eontrarium
717 417 1014 472 sustineret
1061 435 1184 472 eum
1240 433 1494 486 rogamus
1516 458 1529 478 ‚
1590 417 1876 472 nimirum:
1937 435 2065 472 num
2117 417 2229 472 ista

331 501 638 559 substantia
690 498 860 570 igitur
909 515 942 551 a
981 515 1038 551 se
1075 497 1439 551 determinata
1476 496 1575 559 sit,
1639 514 1832 567 nempe
1869 497 2014 568 quod
2053 515 2110 551 se
2148 497 2231 551 ita

331 580 744 639 determinatam
783 594 885 632 nee
920 577 1192 632 infinitam
1229 575 1453 630 reddere
1490 575 1765 631 voluerit?
1804 577 1895 631 An
1936 594 2065 632 num
2098 575 2231 630 talis

333 663 406 718 sit
441 677 537 733 per
573 677 792 715 eausam
831 675 1016 720 suam,
1058 673 1196 728 quae
1234 673 1400 711 eausa
1434 655 1575 711 nibil
1612 655 1848 728 amplius
1884 657 1935 712 ei
1972 657 2101 710 dare
2138 655 2231 710 vel

329 741 570 815 potuerit
605 739 694 793 vel
731 737 1002 792 voluerit?
1042 767 1112 776 -
1147 735 1395 790 Primum
1432 754 1617 791 verum
1659 754 1769 792 non
1806 740 1919 802 est,
1958 737 2088 808 quia
2111 735 2233 790 fieri

332 840 440 878 non
479 820 690 892 potuit,
730 817 874 890 quod
913 817 1223 871 substantia
1248 833 1304 870 se
1330 815 1449 888 ipsa
1473 816 1837 872 determinare
1861 815 2133 879 voluerit,
2172 823 2235 870 et.

331 902 548 974 quidem
607 897 736 954 talis
773 896 1112 959 substantia,
1173 913 1311 967 quae
1350 899 1417 952 de
1454 916 1511 954 se
1556 898 1676 969 ipsa
1712 897 2015 952 exsisteret.
2088 895 2235 951 Dico

332 982 502 1054 igitur
538 979 690 1035 illam
723 995 819 1050 per
844 995 1062 1032 eausam
1089 994 1243 1030 suam
1270 979 1685 1034 determinatam
1712 995 1857 1042 esse,
1900 995 2037 1050 quae
2064 993 2237 1032 eausa

330 1060 636 1117 necessario
673 1063 757 1113 est
793 1059 964 1113 Deus.
1004 1058 1204 1121 Portu,
1246 1059 1293 1113 si
1322 1077 1416 1130 per
1441 1075 1656 1114 eausam
1687 1075 1841 1112 suam
1866 1058 2236 1113 determinata

333 1145 450 1205 est,
489 1140 590 1195 hoo
629 1139 702 1194 sit
737 1141 984 1208 oportet,
1026 1136 1114 1190 vel
1151 1137 1281 1208 quia
1318 1155 1484 1194 eausa
1520 1139 1618 1194 illa
1655 1138 1795 1193 nihil
1832 1137 2069 1208 amplius
2100 1137 2237 1191 dare

331 1221 512 1293 potuit
565 1219 654 1274 vel
690 1217 869 1274 voluit
899 1217 936 1272 ¹.
1013 1217 1177 1277 Quod
1218 1217 1359 1272 nihil
1394 1217 1629 1291 amplius
1665 1218 1794 1273 dare
1833 1219 2075 1290 potuerit
2110 1218 2239 1288 ejus

330 1627 502 1670 mutare
532 1619 770 1668 debuisset.
834 1619 930 1666 Nee
961 1633 1068 1666 vero
1100 1618 1156 1664 ab
1189 1619 1281 1665 alio
1306 1619 1598 1668 determinata
1615 1621 1727 1678 fuit,
1761 1635 1863 1666 nam
1880 1619 1989 1667 illud
2006 1620 2075 1666 vel
2093 1619 2245 1668 deter·

329 1695 544 1741 minatum
573 1691 641 1738 vel
660 1691 882 1738 infinitum
899 1705 995 1736 esse
1012 1689 1291 1748 debetsnon
1307 1697 1454 1738 aut-em
1472 1693 1685 1752 primum,
1721 1692 1862 1751 igitur
1878 1692 2094 1750 alterum3
2129 1707 2247 1752 erg-1

331 1771 400 1813 est
433 1765 571 1811 Deus.
619 1762 712 1809 Hie
744 1762 885 1823 igitur
917 1760 1139 1808 debuisset
1156 1760 1479 1820 determinare,
1514 1763 1618 1822 quia
1636 1763 1703 1809 vel
1722 1762 1925 1824 potentia
1942 1761 2008 1809 vel
2025 1763 2246 1811 voluntas

331 1839 374 1885 ei
406 1837 616 1884 defuisset
629 1854 643 1892 3
675 1833 863 1895 primum
899 1838 1047 1879 autem
1064 1839 1131 1879 est
1149 1839 1306 1881 contra
1324 1837 1421 1893 eius
1439 1834 1836 1895 omnipotentiam,
1868 1834 2058 1881 alterum
2077 1842 2248 1882 eontra

331 1912 425 1969 ejus
457 1906 791 1967 benignitatem.
841 1904 978 1951 Nulla
1013 1904 1152 1963 igitur
1167 1905 1421 1952 substantia
1436 1905 1523 1951 nisi
1540 1905 1730 1952 infinita.
1776 1905 1909 1953 Unde
1926 1906 2130 1964 sequitur
2147 1922 2249 1955 non

331 1981 439 2026 duas
487 1978 675 2025 existere
724 1992 856 2037 posse
892 1974 1165 2023 substantias
1197 1976 1403 2035 aequales
1436 1981 1480 2021 et
1516 1976 1742 2035 infinitas3
1793 1977 1865 2023 his
1898 1977 2014 2023 enim
2050 1976 2245 2037 positis,

331 2049 580 2096 necessario
603 2048 780 2094 adesset
797 2045 1127 2093 determinatio.
1160 2047 1222 2093 Et
1239 2063 1292 2093 ex
1310 2048 1380 2094 his
1397 2063 1551 2094 rursus
1570 2049 1769 2107 sequitur
1787 2064 1919 2095 unam
1941 2048 2249 2097 substantiam

331 2124 514 2169 alteram
566 2135 656 2165 non
690 2133 822 2179 posse
853 2116 1123 2177 producere,
1170 2133 1224 2163 eo
1258 2118 1415 2165 modo:
1460 2118 1607 2165 Causa
1640 2135 1751 2178 quae
1784 2118 2079 2167 substantiam
2114 2120 2247 2167 illam

332 2193 624 2253 produceret,
674 2190 804 2235 debet
837 2188 1000 2235 habere
1031 2187 1180 2234 eadem
1212 2190 1431 2237 attributa
1464 2206 1577 2249 quae
1604 2190 1819 2250 producta
1851 2190 1955 2247 illa,
2006 2191 2073 2237 vel
2105 2190 2245 2249 plura

331 2264 402 2309 vel
433 2262 643 2323 pauciora
653 2280 668 2319 ;
701 2276 792 2306 non
825 2276 930 2307 vero
962 2259 1179 2320 primum,
1215 2267 1325 2308 tune
1344 2260 1460 2307 enim
1480 2259 1593 2307 duae
1608 2259 1851 2308 existerent
1868 2261 1952 2307 sibi
1971 2276 2099 2320 pares
2110 2279 2125 2317 3
2160 2278 2251 2309 nec

333 2334 546 2389 alterum,
596 2346 698 2377 nam
730 2338 838 2376 tune
869 2345 958 2376 una
996 2330 1124 2376 finita
1154 2335 1273 2377 esset
1285 2350 1300 2389 3
1348 2346 1429 2377 nee
1459 2332 1592 2377 etiam
1627 2332 1837 2389 tertium,
1872 2347 1975 2378 uam
2010 2348 2065 2379 ex
2095 2333 2251 2380 nihilo

336 2403 449 2450 nihil
481 2402 545 2449 fit.
608 2402 751 2447 Porro
785 2400 822 2447 si
856 2417 909 2447 ex
941 2400 1117 2447 infinita
1151 2409 1407 2448 nasceretur
1439 2400 1598 2457 finita,
1633 2416 1767 2447 eausa
1801 2402 1936 2449 etiam
1955 2402 2080 2448 finita
2098 2401 2249 2451 fieret.

305 2475 488 2535 ,Igitur
535 2490 623 2520 una
671 2472 920 2519 substantia
968 2472 1151 2520 alteram
1185 2472 1428 2533 producere
1459 2471 1637 2532 nequit3
1686 2478 1732 2519 et
1765 2472 1870 2519 hine
1899 2474 2059 2520 iterum
2092 2475 2251 2533 sequi-

337 2553 412 2593 tur
459 2560 632 2591 omnem
681 2544 975 2591 substantiam
1009 2542 1259 2590 formaliter
1288 2558 1385 2590 esse
1418 2542 1604 2601 debere,
1655 2542 1745 2591 nisi
1776 2544 1893 2591 enim
1927 2550 2067 2602 esset,
2118 2548 2253 2593 nasci

340 2624 564 2678 nequeret.

403 2884 452 2939 1)
483 2882 670 2940 Dicere,
703 2880 820 2940 quod
851 2885 1014 2927 natura
1046 2880 1110 2927 rei
1136 2880 1246 2928 illud
1269 2881 1473 2942 iuberet,
1508 2896 1591 2928 nee
1610 2881 1750 2941 igitur
1777 2882 1867 2929 alio
1895 2880 2025 2928 modo
2054 2883 2253 2933 existere

341 2961 516 3017 posset,
566 2954 680 3000 nihil
727 2953 886 3011 efficit;
939 2968 1042 2999 nam
1091 2958 1253 3001 natura
1300 2952 1366 3000 rei
1414 2952 1529 2999 nihil
1573 2952 1730 3013 jubere
1764 2958 1913 3015 potest
1946 2953 2031 3001 nisi
2064 2954 2251 3004 existat.
