2432 3554
1274 176 1394 235 264

387 340 663 399 bibemus,
724 339 781 393 in
836 357 945 411 quo
998 337 1207 395 circulo
1228 382 1240 400 ,
1300 335 1648 407 longitudine
1706 334 1938 407 quadam
1995 348 2091 405 pro
2124 329 2252 385 linea

386 420 443 474 Η
478 419 523 473 F
577 423 792 484 sumta,
853 420 1135 474 invenitur
1178 435 1336 489 porro
1395 417 1542 471 linea
1577 416 1623 470 C
1660 416 1692 469 Ι
1726 416 1960 485 ideoque
1995 413 2154 469 etiam
2183 427 2258 467 ar·

386 514 483 553 eus
543 500 587 554 F
623 500 671 552 G
728 503 784 553 et
836 498 989 560 FK.
1050 503 1107 553 et
1162 497 1401 570 denique
1456 494 1648 568 anguli
1703 512 1920 568 quoque
1976 491 2166 549 ONP
2213 494 2260 546 et

386 577 442 631 X
478 577 536 637 Q.
558 577 615 631 R
651 578 898 649 sequenti
938 577 1128 633 modo:

460 657 653 711 Posito
673 700 686 720 ,
746 658 891 729 quod
946 657 1150 711 diversi
1188 654 1330 710 radii
1367 674 1400 709 e
1436 654 1569 710 solis
1604 672 1828 727 eoi-pore
1867 652 2260 725 provenientes,

391 754 620 809 quorum
658 754 800 793 unus
838 735 926 791 hio
970 754 1067 807 per
1104 736 1302 791 lineam
1339 734 1386 790 Y
1421 735 1468 789 F
1505 740 1980 806 repraesentatur,
2019 732 2262 787 diametro

391 818 445 871 A
504 816 552 871 B
607 815 855 888 paralleli
911 817 1025 871 sint
1046 858 1062 881 ,
1118 816 1373 888 quodque
1429 818 1694 871 diameter
1746 815 1975 871 dimidia
2031 814 2078 869 C
2127 812 2178 866 D
2215 810 2266 865 in

392 896 571 949 10000
607 900 790 967 partes
834 895 1015 951 divisa
1050 897 1157 959 sit,
1215 901 1273 950 et
1308 896 1455 967 quod
1489 896 1642 951 dieta
1679 895 1824 949 linea
1859 893 1905 949 Y
1931 896 1978 952 F
2015 892 2154 947 9000
2187 890 2266 943 ha-

395 992 515 1029 rum
568 975 806 1047 partium
831 1014 850 1041 ,
908 976 1022 1030 sive
1069 975 1390 1029 distantiam
1429 976 1488 1031 H
1509 976 1556 1031 F
1593 992 1626 1029 a
1661 976 1812 1030 dieto
1847 975 2117 1029 diametro
2145 970 2198 1027 A
2225 968 2266 1023 Β

396 1056 593 1111 distet:
636 1056 774 1111 seire
800 1057 1049 1127 cupimus
1072 1055 1309 1127 primum
1327 1096 1342 1119 ‚
1382 1061 1622 1126 quanta,
1655 1055 1802 1109 linea
1820 1053 1943 1111 HF
1965 1053 2118 1115 data,
2142 1049 2268 1105 linea

396 1136 504 1189 erit
538 1134 584 1188 C
608 1135 671 1196 Ι,
710 1140 899 1205 postea
934 1134 1126 1206 quanti
1164 1152 1326 1190 arens
1361 1135 1408 1191 F
1431 1136 1482 1190 Gr
1517 1140 1574 1189 et
1607 1137 1656 1193 F
1679 1134 1766 1198 K,
1807 1140 1864 1188 et
1895 1133 2134 1203 denique
2153 1143 2266 1200 quo-

399 1232 525 1268 nam
582 1214 786 1285 angulo
841 1215 1072 1269 eundem
1128 1215 1374 1277 radium,
1433 1218 1560 1285 post
1613 1213 1982 1269 reflectionem
2039 1213 2097 1266 in
2131 1208 2184 1265 K
2225 1212 2270 1261 et

398 1292 535 1347 duas
562 1294 913 1349 resi-actiones
938 1292 996 1347 in
1021 1293 1068 1347 F
1086 1298 1143 1349 et
1161 1294 1216 1349 N
1243 1294 1529 1349 observare
1557 1310 1836 1366 possemus
1861 1293 1919 1347 in
1948 1293 1994 1351 P
2010 1334 2025 1356 ,
2055 1294 2111 1344 et
2131 1288 2268 1343 etiam

397 1381 523 1442 post
576 1372 712 1427 duas
767 1374 1119 1429 resi-actiones
1167 1375 1226 1427 in
1274 1374 1320 1428 F
1357 1378 1414 1427 et
1449 1376 1506 1434 Q.
1522 1416 1536 1437 ‚
1589 1377 1647 1428 et
1681 1373 1820 1427 duas
1857 1370 2198 1427 reflectiones
2225 1368 2266 1423 in

398 1454 453 1509 K
498 1456 555 1505 et
598 1452 687 1517 N,
743 1453 800 1506 in
837 1452 921 1515 R:
987 1454 1027 1507 i.
1072 1471 1118 1510 e.
1174 1452 1314 1509 seire
1351 1455 1602 1527 cupimus
1640 1453 2066 1526 amplitudinem
2105 1447 2264 1521 anguli

398 1531 447 1587 O
473 1530 528 1586 N
552 1532 599 1587 P
636 1536 692 1585 et
728 1530 917 1603 anguli
953 1532 1009 1586 X
1031 1532 1089 1592 Q.
1113 1532 1183 1588 R..

437 1768 519 1824 Ut
544 1769 716 1842 igitur
739 1770 975 1840 primum
999 1770 1347 1827 inveniamus
1373 1771 1774 1844 longitudinem
1803 1770 1982 1826 lineae
2007 1770 2058 1826 Ο
2082 1770 2142 1832 Ι,
2175 1783 2279 1824 eum

402 1850 569 1904 seiam
608 1851 873 1904 rationem
912 1853 1256 1907 resi-aetionis
1293 1871 1466 1924 aquae
1503 1870 1620 1907 esse
1657 1856 1722 1906 ut
1759 1853 1865 1906 250
1897 1851 1970 1906 ad
2001 1851 2106 1908 187
2123 1892 2136 1914 ,
2175 1845 2280 1905 HF

403 1930 473 1984 ad
514 1930 558 1985 C
585 1931 617 1986 Ι
650 1961 720 1974 --
745 1931 949 2004 quippe
968 1949 1107 2004 quae
1129 1933 1306 1988 lineae
1327 1932 1442 1988 sint
1459 1933 1838 1987 refractionem
1860 1930 2208 1986 dimetientes
2225 1955 2281 1968 -·-

407 2011 632 2065 eandem
672 2013 937 2065 rationem
967 2012 1163 2066 habere
1188 2012 1366 2069 debet.
1412 2013 1553 2068 Dioo
1575 2011 1779 2084 igitur,
1819 2010 2128 2066 seeundum
2151 2025 2286 2079 regu·

403 2089 512 2144 lam
551 2090 618 2144 de
656 2090 857 2155 tribus,
903 2091 1009 2144 250
1036 2109 1052 2144 ε
1083 2089 1186 2149 187
1204 2116 1263 2143 =
1281 2093 1425 2146 9000
1456 2093 1599 2164 (sive
1627 2092 1684 2146 H
1707 2091 1780 2160 F)
1803 2109 1819 2144 t
1841 2107 1911 2155 x,
1951 2107 2068 2162 quo
2089 2104 2287 2158 conpu-

405 2175 523 2224 tato
561 2186 659 2241 pro
696 2169 741 2223 G
766 2170 798 2225 Ι
833 2169 1111 2225 inveniam
1154 2171 1313 2230 6732.
1387 2172 1468 2227 Ut
1501 2190 1630 2227 vero
1669 2172 1832 2227 etiam
1867 2170 2290 2226 demonstremus

404 2248 577 2304 lineas
614 2248 673 2305 H
711 2248 757 2303 F
795 2253 851 2304 et
886 2249 933 2304 G
967 2249 1001 2304 Ι
1057 2252 1441 2308 refractionem
1476 2269 1650 2324 aquae
1687 2250 1964 2316 dimetiri,
2023 2251 2089 2306 in
2125 2251 2292 2319 figura

440 3057 489 3114 1)
522 3055 637 3104 vido
666 3057 904 3120 imaginem
934 3074 1037 3121 pag.
1067 3061 1179 3107 262.
