2432 3554
1213 150 1333 208 328

329 306 525 363 l’Abbe
561 306 770 363 Gallois
807 309 1052 375 innotui,
1093 311 1187 382 qui
1227 310 1447 382 quidem
1486 328 1542 365 se
1583 309 1713 365 mibi
1739 309 2030 364 admodum
2055 310 2191 384 favo·

329 387 551 442 rabilem
606 387 872 446 exhibuit.
944 390 1190 463 Cumque
1239 389 1455 462 prolixe
1507 390 1865 460 explicarem,
1926 389 2057 460 quid
2096 403 2203 441 mea

328 467 562 523 intentio
619 472 761 522 esset
799 468 1040 535 efficere,
1099 488 1208 541 qua
1248 471 1458 526 ratione
1495 487 1625 526 vero
1662 469 1953 542 impedirer
1986 471 2041 524 in
2082 468 2203 520 meis

329 551 528 604 studiis
579 550 996 615 continuandis,
1055 569 1273 622 quaque
1316 552 1535 606 ratione
1573 551 1657 605 his
1694 549 1973 604 subveniri
2007 551 2209 620 posset,

261 661 266 666 -
331 647 386 683 se
445 630 523 684 ita
570 629 868 701 explicuit,
927 635 989 684 ut
1039 631 1106 684 de
1156 650 1275 686 mea
1324 630 1630 686 intentione
1682 629 1981 685 obtinenda
2026 641 2213 697 magna

332 725 454 778 spes
511 709 640 764 mihi
698 709 995 772 affulserit3
1057 710 1152 764 sed
1212 711 1356 766 ultra
1395 710 1615 765 modum
1650 727 1815 782 quam
1851 707 1997 764 credi
2030 709 2206 778 potest

331 805 588 860 magnum
625 791 1033 860 antagonistam
1072 791 1239 847 habui
1277 792 1334 846 in
1371 790 1445 846 D.
1486 789 1553 844 de
1590 790 1645 845 la
1682 790 1838 844 Hire.
1892 787 2052 849 Quod
2088 801 2205 840 cum

331 867 704 931 observarem,
746 869 920 940 ipsum
961 875 1229 942 quantum
1269 870 1423 942 potui
1460 869 1828 941 generositate
1864 868 2077 922 vincere
2100 869 2206 918 stu·

333 946 460 1011 dui,
506 948 600 1003 sed
637 949 820 1004 omnia
854 950 1072 1007 frustra.
1147 952 1258 1007 Hic
1298 969 1364 1006 ex
1402 950 1613 1005 intimis
1648 949 1719 1004 D.
1758 947 1956 1002 l’Abbe
1993 943 2205 1005 Galloni,

336 1032 398 1082 ut
446 1046 513 1082 ex
549 1028 988 1101 frequentissima
1025 1032 1336 1100 praesentia
1373 1029 1606 1100 collegi,
1658 1032 1715 1083 et
1750 1027 1895 1100 quod
1936 1025 2205 1097 pessimum

336 1107 512 1162 credit
548 1107 636 1162 hic
675 1108 790 1171 vir,
833 1112 895 1162 ut
933 1127 1093 1180 saepe
1132 1111 1355 1176 audivi,
1406 1108 1853 1164 mathematicum
1890 1107 1994 1178 ipsi
2030 1120 2202 1175 aequa-

336 1187 441 1240 lem
498 1188 589 1242 vix
649 1189 887 1260 reperiri.
960 1189 1062 1244 Est
1117 1195 1301 1246 autem
1356 1190 1426 1245 D.
1469 1189 1535 1244 de
1574 1189 1627 1244 la
1664 1189 1803 1244 Hire
1851 1187 2112 1247 intentio,
2150 1186 2203 1234 ut

339 1267 474 1322 satis
531 1273 714 1338 aperte
762 1268 890 1322 1111111
930 1269 1229 1334 indicavit,
1286 1269 1585 1341 aliquando
1623 1270 1771 1324 vices
1806 1268 1879 1322 D.
1920 1265 2123 1322 Gassini
2152 1264 2199 1316 in

339 1345 724 1402 Observatorio
761 1348 938 1418 Regio
975 1349 1261 1420 supplere,
1314 1355 1370 1403 et
1407 1349 1591 1420 potius
1628 1347 1871 1412 efficere,
1918 1352 1981 1402 ut
2014 1341 2193 1400 externi

337 1423 406 1478 ab
443 1425 618 1480 Acad.
658 1431 840 1480 vestra
875 1429 1094 1499 penitus
1131 1428 1522 1492 excludantur,
1568 1427 1647 1484 sic
1684 1445 1878 1498 nempe
1904 1426 2067 1482 libere
2088 1420 2187 1477 1111111

337 1503 634 1575 aliquando
673 1505 889 1560 retulit:
932 1507 1078 1562 hisce
1115 1509 1265 1562 0111111
1300 1509 1567 1578 pecuniae
1602 1507 1911 1562 destinatae
1938 1504 2100 1560 multo
2122 1517 2189 1555 ex·

341 1585 518 1638 actius
573 1584 948 1652 solverentur,
1003 1605 1166 1658 quam
1223 1587 1359 1658 ipsis
1416 1587 1625 1651 Gallis,
1686 1591 1742 1642 et
1795 1591 2069 1658 praeterea
2106 1597 2195 1635 11011

339 1665 553 1718 tantum
604 1664 846 1720 Gallicae
893 1667 1074 1737 gentis
1123 1667 1301 1738 gloria
1336 1668 1465 1724 111110
1502 1669 1755 1724 oriretur.
1826 1666 1951 1720 Imo
1985 1665 2091 1735 ipse
2124 1677 2197 1714 au-

344 1741 492 1806 divi,
531 1744 704 1817 quod,
746 1762 871 1801 cum
908 1746 967 1801 in
1004 1747 1303 1805 Academia
1341 1748 1409 1807 D.
1447 1748 1741 1805 Marriotte
1780 1747 2037 1808 referret,
2078 1737 2199 1815 quud

343 1824 414 1878 D.
455 1822 627 1894 Boyle
664 1830 938 1897 rogasset,
982 1834 1044 1882 ut
1079 1845 1201 1883 cum
1244 1828 1363 1901 ipso
1400 1828 1783 1884 commercium
1822 1826 2114 1881 literarium
2134 1823 2195 1875 in·

341 1904 628 1967 stitueret‚
690 1906 778 1962 1110
825 1906 970 1961 ultra
1017 1908 1238 1963 modum
1278 1909 1381 1964 1100
1418 1908 1719 1971 dissuasit,
1780 1905 2031 1961 adductis
2065 1899 2197 1957 variis

339 1984 724 2053 experientiiS‚
772 1986 974 2059 quibus
1009 1986 1261 2045 evincere
1298 1988 1632 2049 conabatur,
1674 1990 1945 2059 quantum
1984 1985 2201 2038 damnum

339 2062 667 2119 Academiae
705 2084 772 2120 ex
809 2066 1074 2136 ejusmodi
1113 2069 1441 2123 commercio
1478 2084 1601 2123 cum
1635 2066 1913 2121 extraneis
1934 2060 2201 2119 accesserit.

344 2143 430 2199 Ac
484 2144 709 2215 proinde
763 2162 886 2201 cum
943 2144 1144 2200 similia
1183 2147 1548 2219 perciperem,
1609 2164 1719 2201 11011
1760 2144 2019 2207 mirabar,
2085 2137 2199 2213 quod

343 2222 531 2279 nullus
588 2242 762 2279 meum
818 2224 1154 2296 propositum
1197 2225 1329 2282 mihi
1369 2231 1481 2281 tam
1526 2224 1875 2281 dissuaderet
1912 2241 1976 2279 ac
2013 2221 2129 2283 ille,
2160 2222 2201 2269 et

345 2306 458 2357 tam
515 2303 848 2359 contrarium
899 2323 954 2358 se
994 2304 1124 2361 mihi
1171 2306 1524 2371 ostenderet,
1587 2310 1649 2361 ut
1684 2322 1809 2361 cum
1848 2300 2132 2375 aliquando
2158 2296 2203 2351 in

342 2384 794 2439 Academicorum
830 2386 1075 2439 omnium
1111 2402 1407 2449 consessu,
1448 2386 1583 2456 ipsis
1621 2383 1917 2455 phosphori
1944 2381 2207 2453 genuinum

345 2481 656 2535 processum
692 2465 1178 2527 communicarem,
1228 2468 1286 2518 et
1322 2484 1509 2521 omnes
1546 2464 1959 2527 consentirent,
1998 2466 2061 2517 ut
2092 2454 2206 2529 apud

346 2544 494 2613 ipsos
549 2561 946 2614 permanerem,
1007 2545 1136 2615 quia
1171 2544 1287 2615 jam
1326 2544 1649 2600 conclusum
1687 2546 1805 2597 erat
1842 2560 1930 2597 me
1969 2542 2209 2610 receptum

344 2622 447 2687 iri,
488 2622 576 2677 hic
611 2622 760 2677 solus
796 2625 854 2677 in
896 2642 1012 2677 mea
1047 2625 1361 2695 praesentia
1394 2623 1691 2677 admodum
1730 2622 2077 2693 impudenter
2108 2634 2209 2674 0011-

345 2702 548 2757 trarius
602 2707 776 2766 esset,
834 2703 1152 2769 referendo,
1204 2704 1351 2775 quod
1396 2703 1536 2759 forte
1575 2703 1684 2757 Do.
1724 2701 1955 2756 Colbert
1992 2697 2211 2769 displice-

347 2786 464 2843 ret,
507 2782 634 2853 quia
671 2782 901 2837 necdum
940 2784 1114 2855 ipsius
1153 2800 1479 2840 consensum
1518 2802 1616 2856 per
1653 2783 1843 2838 literas
1882 2782 2207 2853 accepissent.

353 2866 408 2915 et
447 2862 523 2915 sic
561 2860 743 2917 stat-im
783 2880 1010 2933 surgens
1049 2880 1163 2927 me,
1209 2882 1319 2919 una
1357 2882 1483 2920 cum
1520 2864 1593 2919 D.
1636 2862 1905 2917 Mariotte
1926 2901 1943 2927 ‚
1985 2856 2213 2932 usquead

355 2940 498 2993 fores
545 2941 923 2997 comitabatur.
1018 2942 1315 2999 Praeterea
1358 2944 1569 3000 incerta
1606 2960 1729 2997 mea
1766 2943 1995 2997 inventa
2028 2946 2082 2993 et
2116 2934 2215 2993 nul·

355 3018 466 3074 lius
515 3021 772 3075 momenti
821 3040 938 3077 esse
979 3021 1200 3095 publice
1244 3023 1418 3087 dixit,
1477 3023 1561 3079 uti
1600 3022 1671 3077 ab
1706 3022 1901 3077 amicis
1940 3019 2069 3075 mihi
2103 3014 2217 3073 rela-
