2432 3554
1073 142 1190 200 323

179 301 340 358 nulla
376 301 434 356 in
470 317 527 354 re
565 301 722 358 desis,
793 300 900 356 Tot
935 303 1080 356 enim
1118 303 1434 359 testimonia
1471 303 1571 359 hac
1609 302 1676 358 de
1715 321 1771 358 re
1810 304 1981 360 habeo
2018 310 2077 360 et

179 383 364 437 adhuc
401 399 468 435 ex
503 381 880 452 praesentibus
918 381 1092 436 literis
1130 383 1275 436 idem
1313 383 1594 454 intelligo,
1640 388 1700 438 ut
1739 384 1876 440 nihil
1904 387 2079 457 magis

179 465 536 536 imposterum
575 468 871 517 conaturus
909 463 1043 524 sim,
1084 481 1245 534 quam
1286 469 1348 518 ut
1383 464 1525 518 tanti
1565 464 1667 518 viri
1708 482 1853 536 spem
1894 465 1960 518 de
1991 483 2072 518 me

173 548 500 614 conceptam
558 540 871 596 nullatenus
926 542 1185 606 frustrer:
1248 544 1394 615 quod
1452 547 1513 598 ut
1550 543 1767 598 facilius
1805 545 2075 615 conjicere

178 625 395 696 possiS,
452 641 580 678 num
632 621 750 677 scil.
803 621 990 677 collati
1028 624 1085 677 in
1126 640 1208 677 me
1250 624 1329 678 tui
1367 623 1569 678 favoris
1608 641 1844 696 unquam
1884 626 2070 696 poeni·

173 710 331 770 teat,
391 711 446 758 et
501 703 726 776 proinde
787 701 971 774 aliquo
1030 719 1265 767 merear,
1324 704 1412 758 cui
1464 721 1719 774 generose
1759 721 2072 760 succurrere

176 787 538 858 imposterum
577 781 874 844 allaboreS,
917 800 1024 854 quo
1063 782 1247 836 studia
1286 800 1403 836 mea
1440 801 1507 838 ex
1545 788 1673 838 voto
1698 786 1831 855 (qua
1857 801 1912 838 re
1940 784 2079 840 nihil

173 868 237 922 in
297 865 400 920 bac
455 864 570 918 vita
613 865 836 934 exopto)
879 862 1008 916 mihi
1049 863 1300 933 prosequi
1339 862 1535 928 liceat,
1595 863 1879 934 sequentia
1915 864 1984 917 ad
2023 869 2078 918 te

177 945 348 1018 paulo
403 943 578 998 fusius
623 948 678 999 et
715 942 946 998 candore
985 933 1307 998 Germanico
1346 943 1581 998 scribere
1618 943 1847 999 decrevi.
1922 944 2079 1000 Exis-

175 1024 374 1081 timavi
411 1040 622 1094 semper
657 1040 858 1094 paucos
884 1022 1150 1083 inveniri,
1193 1024 1286 1092 qui
1314 1025 1529 1076 tantum
1558 1021 1801 1077 ardorem
1830 1023 2077 1078 discendi

171 1104 541 1160 ostenderunt
577 1121 608 1156 a
647 1103 818 1174 prima
856 1105 1033 1156 aetate
1072 1118 1136 1155 ac
1174 1118 1306 1171 ego:
1349 1103 1441 1156 sed
1484 1103 1530 1156 si
1570 1101 1670 1156 hoc
1696 1109 1925 1165 certum,
1970 1121 2079 1159 non

178 1186 364 1240 minus
418 1183 606 1254 utique
662 1200 880 1246 verum,
939 1182 1084 1253 quod
1135 1185 1319 1234 tantas
1356 1180 1706 1236 difficultates
1746 1182 2079 1252 superandas

177 1265 464 1320 habuerim
526 1263 594 1318 ad
650 1262 791 1317 bona
847 1262 1028 1317 studia
1086 1261 1493 1334 prosequenda,
1561 1267 1623 1315 ut
1676 1264 1863 1332 paucis
1903 1264 2081 1318 simile

167 1346 312 1419 quid
351 1344 610 1415 obtigisse
649 1341 902 1405 credam;
945 1358 1273 1414 quamquam
1314 1340 1443 1394 mihi
1486 1340 1587 1395 hac
1624 1341 1690 1394 de
1718 1359 1773 1396 re
1800 1342 2077 1412 gratulor:

175 1443 463 1498 nunquam
520 1424 662 1478 enim
719 1424 922 1494 absque
977 1422 1090 1476 illis
1146 1421 1415 1491 ejusmodi
1481 1421 1727 1476 habitum
1772 1422 2080 1493 incognitas

176 1509 444 1562 veritates
498 1503 790 1574 detegendi
845 1502 1257 1573 acquisivissem
1314 1505 1477 1572 prout
1538 1501 1764 1572 mejam
1802 1503 2079 1574 possidere

172 1586 401 1644 confidi.
438 1586 575 1641 Cum
602 1585 747 1638 enim
774 1583 908 1638 talia
935 1583 1324 1652 impedimenta
1350 1582 1444 1651 (ob
1474 1581 1893 1636 delectationem
1920 1600 2083 1654 quam

173 1669 234 1726 in
295 1661 494 1736 studijs
549 1663 889 1735 experiebar)
927 1662 1247 1718 nullatenus
1286 1665 1507 1732 possent
1546 1660 1781 1724 efficere,
1840 1667 1905 1715 ut
1938 1663 2083 1718 hisce

171 1747 544 1809 abstinerem,
607 1749 829 1799 coactus
885 1742 964 1798 fui
1022 1741 1208 1797 eadem
1264 1745 1499 1797 tractare
1556 1740 1913 1814 quandoque,
1974 1743 2083 1798 imo

171 1826 498 1897 saepissime
553 1825 611 1878 in
667 1823 976 1895 praesentia
1031 1821 1329 1878 multorum
1368 1821 1855 1886 tumultuantium,
1919 1827 2083 1895 atque

175 1910 257 1967 sic
300 1906 434 1961 mihi
473 1904 606 1959 haec
643 1903 939 1975 acquisivi,
987 1905 1049 1955 ut
1087 1920 1195 1958 non
1235 1904 1412 1959 solum
1454 1922 1611 1974 saepe
1642 1904 1698 1958 in
1726 1904 1940 1959 curiosa
1965 1905 2082 1959 the·

170 1988 454 2046 cremata,
515 1982 880 2037 nonobstante
927 2000 1123 2053 magno
1161 1983 1406 2038 tumultu
1444 1986 1821 2047 externorum,
1880 1984 2083 2039 incide-

173 2069 281 2123 rim
303 2106 317 2129 ,
360 2064 454 2119 sed
491 2064 638 2135 quod
675 2062 963 2133 deinceps,
1003 2064 1048 2118 si
1087 2063 1261 2118 otium
1288 2066 1402 2119 fata
1428 2063 1827 2127 concedebant,
1867 2062 2085 2119 facilius

177 2165 265 2205 me
323 2144 394 2199 ab
447 2140 700 2197 omnibus
751 2143 992 2197 externis
1041 2146 1473 2215 cogitationibus
1510 2146 1781 2215 potuerim
1820 2144 2081 2209 liberare,

169 2233 348 2298 atque
403 2223 502 2279 hac
547 2222 758 2276 ratione
802 2222 949 2277 brevi
988 2226 1230 2293 tempore
1269 2243 1492 2298 magnos
1529 2226 1705 2281 facere
1745 2241 2080 2295 progressus.

173 2308 270 2363 Ad
311 2302 422 2360 tale
457 2306 642 2357 autem
680 2302 852 2357 otium
883 2303 1275 2375 acquirendum
1300 2346 1315 2371 ,
1358 2305 1490 2377 proh
1535 2305 1672 2360 bone
1698 2306 1877 2360 Deus!
1919 2322 2085 2376 quan·

170 2394 266 2445 tos
307 2402 417 2441 non
453 2382 620 2437 habui
660 2381 872 2437 labores
909 2383 1285 2440 exantlandos.
1358 2385 1545 2440 Primo
1582 2384 1730 2439 ultra
1766 2384 1950 2440 decem
1988 2402 2084 2439 an-

175 2484 282 2525 nos
341 2465 399 2518 in
445 2461 750 2535 peregrinis
786 2460 922 2517 locis
959 2462 1026 2517 ob
1067 2462 1122 2517 id
1161 2464 1452 2536 praecipue
1492 2482 1574 2518 me
1612 2463 1891 2527 continui,
1956 2465 2087 2535 quia

171 2549 239 2605 in
279 2544 459 2617 patria
495 2541 638 2597 idem
681 2558 786 2595 non
824 2545 1039 2612 poterat
1077 2541 1314 2598 obtineri
1353 2543 1421 2597 ob
1460 2550 1748 2615 parentum
1784 2544 2081 2607 virtutem;

179 2631 376 2701 postea
429 2641 551 2679 cum
609 2622 678 2676 ob
727 2621 1192 2691 provectissimam
1231 2628 1465 2677 aetatem
1504 2640 1757 2678 curarum
1794 2624 2085 2694 impatiens

173 2708 342 2766 nobis
379 2703 564 2759 omnia
601 2718 700 2755 sua
739 2700 879 2755 bona
916 2703 1219 2766 concessit,
1260 2707 1317 2757 et
1352 2702 1481 2776 quia
1518 2719 1726 2757 sorores
1758 2704 1898 2758 duae
1927 2703 2086 2758 mari·

184 2793 335 2847 tatae
373 2790 536 2855 atque
573 2782 736 2835 etiam
776 2779 942 2834 talem
981 2780 1162 2836 dotem
1200 2782 1307 2837 iam
1335 2787 1453 2837 tum
1482 2784 1815 2854 receperant,
1858 2787 1918 2837 ut
1945 2782 2088 2838 nihil

181 2866 428 2939 amplius
463 2880 496 2916 a
526 2864 684 2918 nobis
709 2861 923 2917 duobus
951 2880 1026 2917 sc.
1056 2863 1319 2919 fratribus
1339 2864 1756 2919 desiderandum
1784 2864 2044 2919 haberent
2066 2906 2081 2927 ,

183 2947 414 3005 interim
451 2960 578 2997 vero
617 2944 771 2997 nobis
811 2941 951 2996 bona
987 2942 1328 3015 reliquerunt
1364 2961 1501 3016 quae
1526 2944 1726 3015 viginti
1748 2943 1894 2999 mille
1915 2944 2087 3016 impe-

189 3027 412 3085 rialium
461 3040 572 3077 non
627 3022 978 3088 venduntur,
1033 3024 1168 3078 satis
1228 3023 1486 3079 bonorum
1526 3022 1789 3080 habeham
1829 3024 1985 3093 (licet
2020 3042 2085 3079 ea

1768 3106 1885 3165 21*
