2432 3554
1287 189 1365 245 48

381 349 617 422 quadam
673 368 730 405 re
767 355 887 405 orta
925 354 1086 414 sunt,
1149 349 1255 405 nisi
1292 349 1471 421 quoad
1511 365 1694 404 earum
1734 365 1931 402 causae
1968 346 2095 401 sine·
2122 361 2187 398 eo
2222 348 2279 400 et

381 433 538 484 extra
573 447 696 484 eum
737 448 847 485 non
885 435 1180 502 operantur
1218 447 1319 484 nec
1354 429 1565 500 operari
1603 432 1864 499 possunt,
1906 427 2051 480 unde
2076 425 2275 488 etiam,

378 509 582 582 quippe
613 528 722 564 non
749 510 1062 565 immediate
1087 526 1120 563 a
1149 510 1270 565 Deo
1296 508 1625 580 productae,
1664 507 1840 579 perire
1865 508 2113 576 possunt.
2156 505 2279 560 Hoc

377 593 560 643 autem
610 589 738 644 mihi
779 607 890 644 non
927 589 1227 650 satisfacit:
1288 589 1447 644 video
1485 591 1629 644 enim
1656 594 1713 642 te
1736 586 2091 644 concludere.
2136 583 2281 656 quod

380 666 652 722 humanus
685 667 1006 724 intellectus
1042 667 1367 724 immortalis
1406 669 1509 734 sit,
1550 669 1679 741 quia
1715 685 1853 740 opus
1890 671 1975 720 est
2010 682 2043 720 a
2078 664 2283 720 Deoia

381 765 438 801 se
494 747 612 818 ipso
668 747 1024 819 productum:
1085 764 1212 802 cum
1268 747 1439 818 igitur
1484 747 1596 818 jam
1640 749 1756 802 fieri
1796 763 1905 800 non
1942 745 2125 816 potuit
2163 745 2285 815 plu-

381 826 533 882 ribus
589 844 726 898 opus
773 827 942 883 fuisse
981 826 1049 881 ad
1087 827 1252 882 talem
1292 826 1633 883 intellectum
1674 825 2079 898 producendum
2120 843 2286 896 quam

383 906 672 962 attributis
711 906 850 971 Dei,
905 913 968 961 ut
1005 925 1102 962 ens
1139 911 1284 962 esset
1320 907 1449 962 talis
1486 906 1867 978 perfectionis,
1909 922 2129 959 necesse
2168 915 2286 966 est,

381 984 614 1040 simulac
650 1002 836 1042 omnes
871 986 1014 1041 aliae
1051 1004 1136 1042 res
1173 1005 1206 1040 a
1244 987 1362 1042 Deo
1394 987 1707 1042 immediate
1730 986 2061 1058 productae,
2100 985 2173 1038 ab
2198 1003 2287 1038 ae-

380 1070 540 1120 terno
579 1067 821 1120 creatum
859 1067 1060 1129 fuisse:
1101 1067 1281 1139 quod,
1322 1067 1432 1122 nisi
1476 1065 1667 1130 fallor,
1708 1066 1871 1120 etiam
1917 1071 1973 1118 te
2010 1065 2287 1120 dicentem

379 1144 584 1200 audivi.
653 1145 819 1204 Quod
857 1146 903 1201 si
942 1147 1023 1202 ita
1063 1153 1178 1208 est,
1232 1147 1504 1219 quomodo
1542 1145 1697 1201 nulla
1732 1144 2053 1200 difficultate
2090 1143 2291 1199 relicta

381 1223 719 1296 explicabis?

466 1623 688 1691 Tho-oph.
761 1622 966 1677 Verum
1009 1627 1126 1687 est,
1170 1624 1428 1688 Erasme,
1470 1641 1555 1678 res
1592 1641 1730 1694 quae
1767 1623 1835 1676 ab
1862 1627 2085 1677 aeterno
2108 1641 2143 1676 a
2170 1624 2294 1678 Deo

389 1705 603 1756 creatae
661 1707 820 1768 sunt,
879 1707 1097 1774 propter
1153 1704 1393 1776 ipsarum
1450 1703 1798 1758 existentiam
1856 1702 2010 1756 nulla
2064 1701 2177 1756 alia
2236 1721 2295 1756 re

391 1781 515 1835 nisi
554 1782 840 1837 attributis
865 1844 869 1850 ,
898 1784 1003 1839 Dei
1047 1802 1184 1855 opus
1224 1786 1452 1845 habere;
1511 1783 1604 1839 sed
1642 1782 2002 1838 animadverti
2041 1788 2289 1855 oportet.

389 1862 569 1933 quod,
628 1862 731 1916 etsi
779 1863 1086 1918 necessario
1121 1864 1190 1918 ad
1230 1865 1307 1919 rei
1346 1864 1691 1919 existentiam
1734 1862 2063 1919 modificatio
2100 1864 2294 1935 singu-

392 1940 522 1995 laris
551 1941 825 2013 exigitur,
865 1952 921 1997 et
945 1960 1032 1997 res
1057 1948 1271 2015 praeter
1295 1944 1563 1999 attributa
1586 1943 1721 2005 Dei,
1764 1945 1939 1999 Deum
1966 1949 2151 1997 tamen
2178 1962 2294 1999 non

392 2038 602 2075 cessare
641 2038 752 2075 rem
789 2023 1102 2078 immediate
1127 2025 1425 2095 producere
1452 2042 1637 2094 possm
1678 2042 1803 2079 nam
1830 2024 1975 2079 inter
1992 2042 2078 2079 res
2102 2040 2294 2079 neces·

392 2100 584 2163 seriae,
646 2118 782 2173 quae
821 2102 1118 2173 exiguntur
1153 2110 1219 2160 ut
1256 2124 1340 2161 res
1377 2103 1561 2177 aliqua
1598 2106 1702 2167 sit,
1750 2104 2013 2177 quaedam
2052 2112 2185 2159 sunt
2222 2106 2295 2158 ad

393 2198 505 2235 rem
557 2181 963 2251 producendam
1001 2190 1058 2238 et
1092 2184 1233 2239 aliae
1273 2192 1333 2239 ut
1370 2202 1455 2239 res
1492 2185 1759 2257 producta
1794 2202 1911 2239 esse
1947 2187 2150 2255 possit,
2206 2186 2295 2241 uti

396 2277 478 2316 ex.
534 2277 615 2329 gr.
661 2260 706 2314 si
745 2261 802 2315 in
840 2279 1055 2317 camera
1091 2265 1325 2337 quadam
1363 2264 1538 2320 lucem
1579 2266 1771 2320 habere
1808 2266 1966 2331 volo,
2026 2267 2165 2321 hanc
2203 2285 2297 2323 ac-

391 2338 598 2400 cendo,
654 2340 738 2393 vel
777 2342 1066 2397 fenestram
1105 2345 1323 2415 aperio.
1363 2362 1471 2415 quo
1509 2346 1655 2400 facto
1692 2362 1904 2401 camera
1941 2345 2291 2409 illustratur:

395 2422 453 2471 at
497 2418 582 2471 vel
623 2419 702 2474 sic
741 2425 922 2477 tamen
960 2424 1210 2478 accensio
1248 2423 1347 2478 illa
1382 2424 1469 2478 vel
1508 2426 1717 2495 apertio
1756 2424 1931 2481 lucem
1974 2443 2079 2479 non
2120 2427 2291 2487 facit,

388 2498 484 2551 sed
523 2497 686 2553 efficit
723 2504 938 2556 tantum
976 2502 1156 2559 lucem
1193 2521 1458 2559 cameram
1484 2504 1762 2560 illustrare
1787 2507 1873 2559 vel
1901 2506 1959 2560 in
1986 2524 2099 2559 eam
2130 2524 2297 2577 posse

394 2580 708 2648 pervenire;
747 2586 802 2635 et
841 2582 920 2637 sic
957 2585 1120 2638 etiam
1159 2584 1229 2638 ad
1267 2584 1509 2656 corporis
1545 2584 1780 2655 alicujus
1820 2590 2023 2640 motum
2050 2587 2299 2657 exigitur

394 2658 544 2712 aliud
603 2677 830 2732 corpus,
890 2664 1034 2735 quod
1092 2682 1304 2718 ornnem
1360 2665 1529 2719 istum
1588 2670 1793 2721 motum
1837 2666 2035 2721 habeat
2074 2684 2297 2723 neeesse
