2432 3554
1335 204 1446 260 116

437 362 519 418 ita
554 364 616 416 ut
652 361 917 426 ultimus,
957 380 1116 434 quem
1145 362 1490 434 quaerimus,
1531 361 1686 425 fluia,
1727 366 1784 418 et
1808 362 2153 434 praecipuum
2180 357 2303 431 quod

438 443 854 516 cognoscimus,
892 459 1023 498 vera
1058 441 1303 512 cognitio
1343 443 1432 498 sit.
1490 441 1649 502 Quae
1677 460 1804 497 vera
1827 443 2101 515 cogniti0,
2139 457 2302 496 seeun-

435 522 566 576 dum
605 522 817 594 objecta
853 540 993 595 quae
1018 521 1382 592 proveniunt,
1432 521 1648 576 diversa
1673 526 1789 587 est,
1830 523 1909 577 ita
1935 528 1998 578 ut
2023 540 2128 596 quo
2150 519 2303 590 objec-

438 605 585 662 tum,
646 619 881 680 quocum
918 602 1175 664 uniatur,
1237 600 1464 664 melina,
1507 617 1572 655 eo
1612 601 1801 656 melior
1837 603 2002 657 etiam
2043 603 2167 656 haec
2199 615 2305 672 cog·

435 681 609 743 nitio:
664 682 895 758 ideoque
948 680 1043 736 ille
1080 681 1358 753 perfectus
1394 683 1479 736 est
1518 681 1679 736 homo
1705 723 1719 745 ‚
1758 682 1852 754 qui
1889 699 2016 738 cum
2053 686 2172 736 ente
2205 697 2303 752 per-

436 764 769 826 fectissimo,
811 761 961 825 Deo,
1004 762 1195 817 unitus
1233 765 1346 827 est,
1388 777 1558 832 eoque
1597 762 1676 816 ita
1712 763 1947 817 fruatur.

505 1077 585 1132 Ut
621 1075 796 1146 igitur
832 1073 1112 1130 videamus
1150 1073 1284 1147 quid
1321 1073 1381 1130 in
1407 1074 1753 1144 passionibus
1787 1075 1988 1131 bonum
2015 1076 2070 1130 et
2094 1073 2298 1132 malum.

432 1154 679 1228 singulas
718 1173 961 1228 quasque
998 1157 1108 1224 (uti
1147 1153 1379 1219 dietum)
1419 1156 1880 1228 contemplemur,
1922 1161 1978 1210 et
2015 1157 2184 1228 primo
2206 1151 2305 1228 qui·

429 1236 551 1292 dem
576 1231 1011 1291 Admirationem
1036 1252 1196 1308 quae,
1238 1233 1327 1289 vel
1358 1251 1425 1290 ex
1451 1235 1789 1308 praejudicio
1813 1235 1900 1290 vel
1928 1253 1996 1290 ex
2026 1231 2307 1307 ignorantia

432 1321 585 1378 orta,
629 1316 967 1388 imperfectio
1005 1320 1090 1370 est
1126 1316 1185 1370 in
1225 1315 1442 1370 homine
1481 1317 1609 1372 huic
1645 1316 2046 1388 perturbationi
2073 1311 2306 1388 subjecto.

429 1395 571 1452 Dico
609 1396 1105 1467 imperfectionem,
1146 1395 1279 1468 quia
1315 1395 1605 1452 admiratio
1645 1414 1738 1468 per
1775 1413 1833 1451 se
1872 1397 1929 1452 in
1968 1395 2177 1451 nullum
2214 1409 2301 1447 ma·

436 1477 547 1532 lum
586 1477 863 1535 conducit.

1038 1886 1290 1945 CAPUT
1339 1886 1726 1949 QUINTUM.

1223 2064 1297 2103 nn
1336 2064 1550 2105 AMORE.

497 2208 791 2271 Amorem,
826 2206 925 2278 qui
962 2206 1063 2263 nil(
1078 2206 1233 2263 aliud
1269 2214 1356 2265 est
1391 2224 1556 2280 quam
1593 2226 1650 2263 re
1685 2208 1924 2281 quadam
1960 2208 2069 2263 frui
2101 2218 2306 2274 cumque
2374 2260 2375 2277 ἶ

425 2304 489 2341 ea
526 2286 704 2348 uniri,
746 2286 1055 2342 dividemus
1094 2288 1396 2343 secundum
1433 2288 1756 2361 qualitatem
1793 2288 1916 2359 ejus
1953 2287 2183 2358 objeeti;
2217 2296 2308 2354 quo

436 2366 655 2438 objecto
690 2366 851 2421 homo
886 2367 995 2422 frui
1034 2384 1270 2439 eumque
1308 2385 1373 2423 eo
1411 2368 1560 2425 uniri
1594 2370 1844 2425 conatur.

496 2599 785 2660 Quaedam
840 2598 1057 2670 objecta
1094 2600 1153 2657 in
1192 2617 1252 2657 se
1287 2600 1709 2673 corruptibilia:
1769 2600 1881 2657 alia
1915 2618 2082 2657 causa
2115 2616 2209 2655 sua
2241 2595 2309 2649 in·

428 2678 841 2751 corruptibilia:
901 2679 1132 2735 tertium
1193 2698 1293 2736 sua
1327 2682 1506 2752 ipsius
1545 2681 1753 2739 virtute
1790 2688 1846 2736 et
1881 2680 2129 2753 potentia
2157 2680 2310 2733 aeter·

424 2778 557 2817 num
593 2760 1143 2833 incorruptibileque.
1198 2761 1597 2834 Corruptibilia
1633 2778 1820 2817 omnes
1855 2780 1942 2817 res
1980 2757 2311 2834 particulares

422 2844 585 2905 sunt,
624 2858 765 2912 quae
802 2858 915 2897 non
952 2842 1023 2896 ab
1062 2843 1213 2897 omni
1254 2847 1495 2914 tempore
1523 2843 1704 2905 fuere,
1745 2840 1840 2897 sed
1863 2841 2098 2897 existere
2122 2840 2309 2907 incepe·
2366 2844 2367 2847 ’

422 2924 571 2974 runt.
644 2920 843 2974 Cetera
878 2921 919 2975 ii
959 2920 1107 2975 modi
1150 2920 1436 2991 generales
1479 2926 1640 2985 sunt,
1679 2938 1818 2993 quos
1851 2938 2076 2979 causam
2099 2918 2312 2977 diximus
2364 2990 2365 2993 Ἴ

422 2998 707 3053 modorum
748 2998 1187 3069 particularium.
1267 3000 1516 3056 Tertium
1555 3018 1686 3057 vero
1723 3000 1876 3057 Deus
1911 3007 2025 3067 est,
2067 3000 2153 3056 vel
2186 2990 2309 3069 quod
2364 3020 2365 3036 κ

423 3077 567 3135 idem
606 3076 905 3144 habemus,
948 3080 1170 3134 veritas.
