2432 3554
1057 193 1172 249 351

239 353 574 424 Quicunque
599 350 864 422 Spinozae
890 351 947 406 in
973 354 1212 406 tractatu
1240 349 1307 409 de
1344 348 1723 403 emendatione
1744 347 2059 404 intellectus

168 434 448 506 proposita
485 439 540 486 et
577 433 695 502 ejus
731 434 798 486 de
824 431 1133 503 indaganda
1158 430 1391 485 veritate
1417 429 1616 482 ibidem
1646 428 1913 499 principia
1932 435 2059 483 ante

169 515 414 570 animum
453 513 646 577 habet,
685 511 1201 584 Tschirnhausiique
1228 511 1561 567 Medicinam
1586 509 1793 564 evolvit
1819 509 2026 566 Mentis
2043 552 2058 575 ,

171 595 230 649 in
277 593 439 663 hujus
475 591 982 647 elucubrationibus
1016 592 1176 647 facile
1209 593 1475 662 Spinozae
1512 588 1841 661 discipulum
1879 607 2063 662 recog·

171 679 391 732 noscet,
432 672 618 726 eadem
657 671 750 744 qui
787 672 1087 743 principia,
1129 671 1262 744 ipsis
1299 671 1607 742 philosophi
1645 669 1920 724 interdum
1946 687 2065 723 ver·

172 754 260 808 bis
275 791 292 818 ‚
318 753 570 823 exposuit
597 751 974 823 adhibuitque.
1017 751 1108 806 Sic
1131 752 1188 806 in
1213 751 1333 822 ipsa
1353 753 1467 821 jam
1493 749 1673 820 operis
1698 749 2033 820 praefatione
2050 792 2065 813 ,

173 832 271 886 ubi
298 830 364 884 de
391 832 525 886 artis
552 832 866 886 inveniendi
891 831 1229 903 praestantia
1248 831 1450 901 agitur,
1483 830 1769 895 „actiones
1784 829 1839 893 ,⁹⁹
1868 829 2067 901 inquit,

171 928 560 983 „quorumque
600 910 876 965 hominum
919 911 1263 964 manifestum
1302 910 1462 965 facile
1488 911 1727 972 faciunt,
1768 926 1860 963 eos
1889 911 2073 982 impri-

173 992 312 1054 miS‚
371 991 637 1063 quidquid
697 992 860 1045 etiam
900 993 1261 1061 praetendant
1298 991 1483 1055 aliud,
1542 1008 1605 1044 eo
1642 988 1949 1054 collimare‚
2013 994 2075 1045 ut

175 1073 411 1134 bonum,
472 1088 580 1142 quo
637 1072 826 1142 utique
883 1070 1096 1124 nullum
1154 1073 1524 1142 praestantius
1561 1070 1755 1132 datur,
1816 1069 2077 1125 videlicet

173 1151 636 1223 tranquillitatem
675 1151 874 1205 mentis
913 1168 1006 1204 seu
1047 1151 1446 1216 conscientiae,
1484 1151 1827 1222 possideant:
1874 1151 1967 1206 sed
2006 1151 2077 1206 ad

174 1234 320 1288 hanc
355 1230 776 1300 comparandum
815 1229 970 1284 nulla
1006 1229 1145 1294 alia,
1200 1231 1412 1285 ratione
1450 1231 1667 1302 quidem
1708 1231 1947 1286 naturali
1984 1250 2077 1303 pa·
2134 1255 2147 1268 ·

173 1310 410 1373 rabilis,
467 1309 558 1363 via
596 1314 778 1379 patet,
834 1327 993 1381 quam
1033 1326 1172 1380 quae
1209 1311 1455 1365 actiones
1492 1313 1705 1365 nostras
1744 1328 1852 1364 non
1890 1312 1948 1366 in
1986 1331 2077 1384 ap-

172 1389 428 1462 parentia
470 1388 663 1442 saltem
703 1388 798 1444 sed
835 1405 1025 1444 revera
1063 1389 1337 1444 virtuosas
1376 1389 1610 1445 exhibet·
1688 1389 1769 1444 At
1806 1408 1933 1445 vero
1970 1393 2079 1446 vir-

172 1477 272 1526 tus
319 1467 560 1539 genuina
615 1468 820 1538 absque
857 1467 1127 1538 sapientia
1161 1487 1295 1524 vera
1330 1468 1578 1524 absolute
1616 1470 1807 1540 nequit
1843 1471 2077 1542 concipi.

169 1553 308 1612 Quo
369 1555 556 1604 autem
595 1551 772 1604 medio
811 1550 1083 1620 sapientia
1121 1541 1178 1604 i‘n
1220 1550 1381 1604 rebus
1416 1567 1551 1620 pure
1589 1550 1933 1605 naturalibus
1970 1569 2083 1606 cer-

171 1633 294 1688 tius
331 1629 665 1702 acquirenda
704 1630 837 1693 erit,
879 1647 1042 1700 quam
1079 1635 1337 1684 accurata
1365 1629 1650 1694 methodo,
1691 1632 1849 1703 cujus
1876 1630 2085 1685 auxilio

173 1723 368 1768 omnes
423 1710 682 1766 cadentes
729 1709 832 1763 sub
868 1708 1210 1764 intellectum
1249 1709 1510 1777 veri—tates
1547 1712 1604 1764 in
1643 1714 1823 1766 lucem
1860 1711 2085 1764 indubie

175 1793 424 1865 proferre
477 1791 648 1845 licet?
684 1820 752 1833 --
793 1790 1035 1862 adeoque
1075 1790 1206 1846 haec
1246 1793 1429 1847 omnia
1466 1810 1533 1847 ex
1570 1796 1810 1864 genuina
1848 1794 2086 1865 philoso-

175 1873 311 1945 phia
351 1872 510 1928 unice
549 1870 919 1942 dependent.'’
960 1870 1166 1927 Mirum
1205 1874 1455 1942 equidem
1496 1874 1668 1930 videri
1708 1874 1903 1938 debet,
1942 1876 2089 1930 inter

172 1971 307 2017 eos,
349 1952 443 2023 qui
487 1950 696 2014 „talem
735 1949 1078 2021 philosophia
1115 1956 1180 2004 ut
1205 1951 1606 2017 recluderent’',
1646 1954 1843 2008 deinde
1870 1955 2088 2009 nomine

175 2049 286 2089 suo
341 2032 690 2095 indicantur,
752 2029 1022 2093 Cartesii,
1079 2030 1393 2094 Arnaultii,
1449 2032 1879 2098 Malebranchii,
1939 2034 2090 2089 Mar-

171 2112 344 2171 ·rottii
361 2154 374 2173 ‚
409 2128 518 2165 non
545 2128 674 2165 vero
694 2110 962 2181 Spinozae
988 2126 1185 2165 nomen
1211 2112 1480 2177 inveniri;
1509 2114 1619 2169 imo
1646 2113 1789 2169 hunc
1813 2115 1995 2185 ipsum
2020 2145 2090 2155 —

184 2194 270 2248 uti
306 2192 420 2261 jam
458 2191 666 2245 dictum
703 2220 774 2231 --
815 2206 909 2261 per
945 2194 1125 2244 totum
1162 2189 1364 2247 librum
1405 2211 1471 2246 ne
1508 2193 1597 2247 vel
1631 2211 1739 2249 uno
1767 2194 1886 2249 loco
1914 2194 2090 2251 citari.

181 2272 354 2334 Quod
413 2271 631 2326 nonnisi
687 2271 1225 2341 admodum›puerili
1264 2290 1331 2327 ex
1371 2278 1517 2327 metu
1555 2274 1815 2347 explicari
1858 2275 2087 2345 poterit,

181 2353 294 2408 viri
333 2370 364 2405 a
399 2351 716 2406 Leibnitzio
751 2352 983 2422 aliisque
1020 2357 1299 2423 tamquam
1338 2353 1696 2409 naturalistae
1734 2360 1789 2408 et
1813 2354 2089 2426 pantheis-

184 2440 280 2489 tae
317 2431 562 2485 damuati
599 2430 906 2501 discipulus
931 2448 998 2484 ne
1027 2430 1346 2495 haberetur,
1390 2433 1640 2505 quodque
1670 2435 1847 2488 minus
1874 2439 2089 2505 gratum

184 2516 338 2571 certe
395 2511 634 2565 animum
692 2512 751 2565 in
795 2514 1019 2565 auctore
1060 2510 1218 2565 nobis
1254 2511 1497 2566 ostendit
1532 2530 1661 2585 erga
1698 2513 1875 2567 virum
1913 2531 1945 2568 a
1982 2530 2091 2585 quo

185 2592 378 2650 omnia
411 2592 524 2646 fere
561 2592 694 2645 artis
733 2608 832 2645 sua
870 2590 1138 2663 principia
1176 2590 1441 2653 duxerat,
1483 2592 1540 2646 in
1579 2609 1641 2647 eo
1680 2592 1796 2647 solo
1820 2623 1891 2633 —-·
1919 2610 2091 2665 neque

187 2673 298 2729 hoc
333 2672 392 2725 in
429 2670 680 2725 veritatis
715 2671 1112 2725 incrementum
1151 2701 1225 2711 —
1255 2672 1323 2726 ab
1350 2672 1537 2726 eodem
1562 2673 1907 2737 discedente,
1946 2673 2092 2744 quod

190 2750 612 2810 Leibnitzianas
649 2750 834 2821 potius
872 2779 943 2789 --
983 2750 1065 2803 uti
1101 2750 1408 2807 videbimus
1442 2783 1515 2793 -—
1550 2754 1617 2806 de
1656 2752 1760 2808 Dei
1800 2753 2094 2824 personali·

192 2840 311 2889 tate
347 2834 499 2887 ideas
537 2830 820 2902 amplexus
858 2830 1039 2887 fuerit.
1113 2831 1279 2890 Quod
1320 2836 1382 2886 ut
1420 2833 1591 2903 magis
1627 2834 1971 2904 perspicuum
1998 2852 2093 2889 no-

198 2913 283 2969 bis
321 2912 500 2967 adhuc
536 2911 862 2973 reddamuS,
903 2909 1314 2967 Tschirnhausii
1352 2916 1648 2967 tractatum
1679 2913 1903 2985 ejusque
1942 2932 2093 2985 prae·

199 2994 462 3049 sationem
512 2992 626 3063 jam
683 2990 934 3046 evolvere
989 3008 1292 3063 pergamus,
1366 2991 1555 3063 Pergit
1610 2996 1792 3047 autem
1833 2993 1892 3047 in
1932 2994 2095 3049 hacce

199 3090 427 3143 scopum
467 3090 625 3127 suum
664 3072 822 3127 nobis
860 3071 1270 3142 patefaciendo,
1316 3071 1711 3143 expositionem
1746 3088 1823 3129 so.
1867 3074 2095 3129 rationis
