2432 3554
1284 201 1402 257 124

462 360 779 417 Transimus
805 361 918 432 jam
944 360 1012 416 ad
1037 359 1424 434 inquirendum
1452 391 1518 404 --
1547 362 1630 417 uti
1656 365 1820 419 antea
1843 363 2178 435 promisimus
2197 389 2262 402 ·-

390 458 660 513 quaenam
698 441 977 513 passiones
1014 439 1298 512 eligendae
1333 436 1600 514 quaenam
1640 459 1770 498 vero
1801 443 2119 514 rejiciendae
2143 442 2262 499 sint.

1022 895 1274 952 CAPUT
1311 895 1640 954 SEXTUM.

1194 1086 1274 1126 DE
1321 1085 1476 1127 ODIO.

460 1259 665 1316 Odium
720 1259 1007 1342 propensio
1068 1263 1153 1314 est
1208 1259 1278 1314 ad
1333 1259 1706 1330 repellendum
1762 1261 1903 1318 illud
1941 1263 2084 1337 quod
2121 1263 2264 1318 nobis

391 1341 651 1396 damnum
687 1326 958 1412 quoddam
996 1339 1084 1393 vel
1121 1338 1569 1411 impedimentum
1607 1343 1874 1398 causavit.

460 1421 591 1478 Jam
642 1418 1220 1510 animadvertendum,
1283 1419 1554 1492 quomodo
1602 1422 1848 1477 actiones
1897 1426 2112 1477 nostras
2153 1439 2263 1478 cum

390 1497 736 1570 passionibus
797 1497 884 1553 vel
924 1497 1040 1554 sine
1082 1499 1218 1570 ipsis
1253 1498 1538 1554 faciamus.
1625 1500 1744 1556 Cum
1768 1503 2130 1572 passionibus,
2192 1499 2262 1556 uti

391 1577 710 1650 plerumque
766 1577 984 1632 videtur
1038 1578 1097 1633 in
1152 1577 1388 1634 dominis
1443 1596 1634 1634 versus
1691 1576 1924 1637 famulos
1980 1599 2162 1638 eorum
2212 1581 2263 1635 iu

390 1657 578 1730 aliqua
626 1674 687 1714 re
739 1656 1151 1729 delinquentem
1214 1656 1468 1730 quodque
1525 1659 1842 1732 plerumque
1897 1679 2008 1716 non
2045 1661 2159 1716 sine
2194 1660 2264 1715 ira

389 1739 653 1813 procedit.
726 1737 853 1795 Sine
909 1735 1284 1809 passionibus,
1344 1737 1428 1793 uti
1479 1737 1546 1793 de
1585 1739 1807 1796 Socrate
1842 1744 2126 1805 narratur,
2181 1737 2262 1812 qui

387 1820 651 1875 famulum
688 1819 757 1875 ad
797 1818 915 1891 ejus
957 1819 1348 1875 correctionem
1393 1818 1662 1890 castigare
1707 1825 1964 1886 coactuS,
2025 1819 2126 1877 hoc
2165 1834 2262 1875 non

390 1898 659 1963 faciebat,
717 1898 976 1971 quamdiu
1033 1918 1089 1955 se
1145 1900 1204 1955 in
1259 1896 1522 1954 famulum
1579 1898 1748 1955 istum
1787 1900 1967 1956 animo
2003 1901 2261 1957 infensum

386 1982 762 2050 cognosceret.

458 2136 621 2192 Unde
660 2136 933 2209 sequitur,
976 2135 1106 2207 quia
1142 2134 1388 2192 actiones
1425 2141 1642 2194 nostrae
1669 2156 1791 2196 cum
1819 2136 2162 2212 passionibus
2184 2135 2262 2190 vel

387 2218 505 2273 sine
544 2217 613 2273 iis
649 2216 821 2279 fiunt,
869 2214 1008 2271 tales
1045 2233 1163 2277 res,
1205 2230 1344 2287 quae
1382 2236 1481 2273 nos
1517 2218 1824 2289 impediunt
1862 2219 1950 2274 vel
1985 2218 2263 2292 impedive-

388 2316 475 2363 re‚
518 2298 636 2353 sine
673 2296 1031 2353 commotione
1071 2302 1288 2363 nostra,
1344 2297 1435 2353 ubi
1473 2314 1690 2353 necesse
1726 2299 1840 2362 est,
1881 2299 2118 2355 amoveri
2152 2314 2264 2371 pos-

388 2397 459 2435 se.
534 2377 688 2439 Quid
745 2392 874 2430 vero
928 2374 1160 2431 melius?
1245 2378 1353 2433 Vel
1408 2394 1507 2431 nos
1561 2376 1687 2432 odio
1741 2380 1797 2431 et
1857 2378 2133 2434 aversione
2190 2390 2265 2431 res

385 2458 599 2513 vitare?
674 2454 782 2511 Vel
838 2472 927 2511 eas
984 2456 1213 2511 rationis
1259 2457 1496 2522 virtute,
1555 2457 1673 2511 sine
1710 2456 1878 2512 animi
1915 2458 2264 2514 commotione

384 2535 533 2609 (hoc
573 2535 719 2591 enim
768 2534 885 2589 fieri
939 2550 1096 2605 posse
1133 2538 1418 2607 putamus)
1455 2534 1678 2591 subire?
1751 2536 1976 2591 Certum
2013 2537 2154 2593 enim
2189 2536 2264 2589 est

384 2615 599 2671 nullum
637 2614 765 2671 iude
800 2613 1002 2669 malum
1042 2614 1171 2671 oriri
1209 2634 1400 2687 posse,
1441 2616 1585 2687 quod
1611 2633 1726 2680 ree,
1767 2634 1906 2689 quae
1933 2616 2089 2673 nobis
2114 2633 2262 2689 agen-

386 2695 487 2751 dae
526 2698 685 2759 sunt,
728 2694 845 2749 sine
883 2694 966 2749 ira
1001 2697 1057 2749 et
1096 2695 1282 2751 studio
1317 2713 1560 2767 agamus.
1633 2696 1707 2751 Et
1741 2696 1872 2767 quia
1908 2696 2052 2752 inter
2079 2697 2261 2752 bonum

383 2778 441 2830 et
496 2774 697 2828 malum
738 2773 973 2828 medium
1012 2791 1119 2829 non
1160 2775 1346 2840 adest,
1405 2774 1680 2839 videmuS‚
1736 2775 1912 2847 quod,
1953 2776 2036 2832 uti
2077 2775 2260 2831 malum

374 2856 463 2909 est
518 2869 643 2908 cum
696 2852 943 2923 passione
1000 2853 1235 2924 quadam
1273 2870 1464 2926 agere,
1526 2854 1726 2910 bonum
1765 2872 1881 2911 esse
1919 2854 2116 2911 debeat
2151 2854 2255 2911 sine

381 2932 481 2989 illa
516 2949 694 3003 agere.
