2432 3554
1045 183 1164 242 313

157 343 432 398 amicitiae
485 342 585 399 ino
619 342 936 398 testimonio
974 343 1273 400 honoratus
1308 349 1421 401 est:
1487 342 1743 418 „perdidi
1781 359 1883 414 ego
1918 343 2052 398 ami-

157 439 281 477 cum
339 427 577 478 veterem
633 426 690 477 et
744 422 1080 494 praeclarum
1131 425 1437 479 studiorum
1474 423 1842 479 communium
1879 422 2051 477 adsis-

155 500 390 556 torem.’'
415 507 430 537 ¹
481 502 651 558 Plura
686 507 870 557 autem
907 502 1106 558 deinde
1141 504 1209 559 de
1255 522 1319 558 eo
1362 504 1587 575 ejusque
1630 502 1831 558 studiis
1871 503 2052 558 adhuc

153 581 399 637 addituri
413 620 432 647 ,
469 588 632 637 antea
667 581 932 639 Schalleri
969 585 1341 656 Spinozaeque
1378 585 1447 638 de
1481 581 1683 655 quibus
1718 600 1894 638 sermo
1938 583 2049 638 fuit

152 659 415 734 epistolas
451 661 842 732 inspiciamus:

405 803 507 858 Vir
542 803 879 859 nobilissime
917 820 980 859 ac
1018 805 1517 874 praestantissime,

217 899 614 956 Erubeseerem
669 901 740 956 ob
802 900 1124 956 diuturnum
1187 900 1451 956 hactenus
1512 900 1792 956 silentium
1840 917 2049 962 meum,

151 979 300 1033 unde
338 997 436 1050 pro
471 981 656 1035 favore
694 997 726 1034 a
765 979 1144 1035 benevolentia
1178 983 1298 1038 Tua
1336 980 1468 1036 mihi
1505 980 1776 1035 immerito
1808 979 2053 1035 exhibito

150 1059 572 1131 ingratitudinis
596 1060 842 1115 accusari
870 1076 1080 1131 possem
1097 1101 1112 1124 ,
1154 1061 1263 1116 nisi
1288 1064 1345 1114 et
1369 1061 1667 1131 cogitarem
1683 1101 1697 1124 ,
1733 1076 2051 1132 generosam

149 1138 327 1194 Tuam
375 1139 773 1194 humanitatem
834 1139 904 1194 ad
959 1140 1330 1194 excusandum
1376 1141 1561 1211 potius
1596 1157 1758 1212 quam
1797 1141 2053 1194 incusan-

151 1222 284 1275 dum
341 1220 641 1286 inclinare,
700 1225 756 1275 et
812 1222 1005 1276 scirem
1043 1219 1271 1275 eandem
1308 1237 1408 1290 pro
1444 1220 1719 1275 communi
1756 1221 2053 1274 amicorum

151 1300 299 1355 bono
347 1305 460 1354 tam
497 1301 650 1370 serijs
685 1317 879 1356 vacare
915 1298 1369 1354 meditationibus
1382 1337 1401 1364 ‚
1460 1297 1649 1370 quales
1688 1299 1805 1353 sine
1843 1300 2057 1355 sontica

149 1383 374 1435 turbare
412 1397 578 1435 eausa
613 1380 790 1436 eidem
827 1380 1052 1435 noxium
1089 1384 1255 1451 atque
1292 1378 1613 1434 damnosum
1652 1379 1810 1433 foret.
1891 1378 2055 1434 Hanc

149 1462 340 1533 itaque
375 1461 446 1515 ob
481 1477 702 1515 causam
739 1459 899 1523 silui,
939 1463 1235 1514 contentus
1271 1475 1341 1513 ex
1376 1457 1567 1513 amicis
1604 1475 1918 1530 prosperam
1942 1458 2053 1513 Tu·

149 1559 232 1596 am
296 1540 672 1596 valetudinem
707 1540 918 1594 interea
955 1539 1267 1610 percipere,
1328 1537 1423 1593 sed
1460 1555 1555 1608 per
1592 1544 1905 1610 praesentes
1944 1537 2053 1610 sig·

149 1621 374 1676 nificare
430 1621 606 1684 nitor,
667 1620 856 1674 eadem
908 1617 1333 1674 Nobilissimum
1368 1617 1603 1673 amicum
1641 1623 1887 1674 nostrum
1924 1618 2055 1671 Dum

148 1701 213 1756 de
255 1699 626 1756 Techirnhaus
663 1699 950 1756 nobiscum
987 1698 1044 1753 in
1083 1698 1291 1770 Anglia
1328 1697 1506 1752 adhuc
1542 1697 1683 1763 frui,
1739 1700 1834 1770 qui
1872 1704 1957 1753 ter
1994 1698 2053 1753 in

149 1783 299 1844 suis,
339 1800 476 1855 quas
513 1781 584 1836 ad
625 1799 708 1837 me
745 1782 931 1843 dedit,
978 1779 1155 1835 literis
1191 1777 1432 1834 Domino
1468 1795 1679 1833 summa
1716 1777 1891 1835 officia
1928 1796 2050 1835 cum

149 1863 330 1917 salute
369 1862 669 1917 honorifica
703 1861 974 1933 impertiri
1005 1858 1206 1930 jussit,
1250 1876 1335 1912 me
1372 1859 1571 1913 iterato
1608 1876 1838 1931 rogans,
1878 1865 1941 1914 ut
1972 1878 2053 1915 se·

148 1942 438 2015 quentium
492 1942 786 1998 dubiorum
843 1940 1173 1997 solutionem
1213 1936 1316 1993 tibi
1355 1955 1739 2010 proponerem,
1805 1939 2053 1995 insimul·

143 2042 251 2095 que
288 2022 356 2077 ad
395 2039 460 2076 ea
503 2022 910 2094 responsionem
950 2021 1315 2075 desideratam
1354 2024 1695 2090 expeterem:
1754 2019 2013 2074 nimirum
2032 2060 2046 2078 ,

145 2120 277 2159 num
315 2103 556 2173 placeret
595 2102 820 2158 domino
856 2099 1325 2155 demonstratione
1362 2097 1548 2170 aliqua
1584 2099 1897 2163 ostensiva,
1958 2100 2053 2153 sed

147 2200 255 2239 non
311 2184 382 2238 ad
437 2181 782 2255 impossibile
837 2180 1146 2235 deducente
1189 2178 1515 2235 convincere
1534 2220 1548 2242 ,
1609 2196 1710 2233 nos
1746 2196 1857 2234 non
1897 2196 2055 2249 posse

146 2264 306 2334 plura
342 2263 447 2319 Dei
487 2262 758 2318 attributa
795 2278 1122 2333 cognoscere
1160 2274 1327 2331 quam
1364 2257 1754 2329 cogitationem
1782 2263 1839 2311 et
1864 2260 2053 2311 exten-

147 2342 386 2404 sionem:
427 2348 745 2413 praeterea,
785 2359 914 2395 num
941 2340 1070 2395 inde
1097 2342 1358 2410 sequatur
1376 2380 1392 2403 ,
1430 2336 1574 2409 qnod
1604 2340 1887 2393 creaturae
1912 2354 2053 2407 quae

147 2423 268 2493 alijs
303 2422 590 2477 attributis
625 2424 886 2478 constant
922 2424 1148 2475 econtra
1175 2417 1387 2472 nullam
1414 2417 1625 2489 possint
1650 2415 1935 2489 concipere
1962 2432 2053 2469 ex·

146 2502 451 2558 tensionem
469 2544 483 2567 ‚
513 2506 618 2560 ete.
644 2501 757 2573 [uti
783 2501 841 2556 in
868 2518 954 2571 ομ
986 2498 1146 2555 LXV
1165 2497 1312 2569 apud
1337 2497 1510 2552 Brud.
1541 2515 1594 2568 p.
1625 2497 1763 2560 33ος
1792 2494 2053 2565 deinde:]

215 2582 400 2653 Atque
456 2581 590 2637 haec
643 2585 774 2636 sunt
813 2598 952 2652 qnae
991 2598 1024 2634 a
1059 2581 1401 2649 praestantia
1439 2578 1558 2633 Tua
1588 2576 1906 2647 praedictus
1931 2591 2053 2630 nos-

146 2664 232 2715 ter
274 2660 647 2717 Tschirnhaus
685 2660 954 2715 illustrari
996 2678 1206 2721 mecum
1246 2659 1552 2722 desiderat,
1612 2658 1659 2713 si
1699 2659 1838 2712 forte
1877 2656 2050 2711 otium

148 2740 494 2797 subsecivum
551 2741 607 2797 id
664 2741 1032 2803 concesserit;
1090 2744 1369 2796 caeterum
1424 2740 1589 2793 refert
1637 2738 1734 2793 Dm
1785 2736 1960 2808 Boyle
1997 2743 2054 2791 et

147 2820 471 2893 Oldenburg
527 2823 722 2877 mirum
781 2820 849 2875 de
903 2821 1022 2876 Tua
1078 2838 1313 2891 persona
1376 2819 1635 2874 formasse
1690 2820 2051 2887 conceptum,

149 2919 314 2973 quam
353 2904 470 2973 ipse
507 2902 713 2957 eisdem
751 2918 861 2955 nou
901 2898 1079 2955 solum
1116 2899 1353 2965 ademit,
1392 2898 1487 2954 sed
1527 2898 1769 2954 rationes
1806 2896 2051 2959 addidit,

210 3070 256 3128 ι)
287 3070 382 3133 Ep.
410 3072 474 3118 aa
499 3069 609 3117 Dio.
642 3068 728 3116 111
759 3086 804 3131 p.
835 3069 915 3120 τε.
