2432 3554
1267 169 1298 226 1
1309 169 1384 226 1⁴4

374 355 504 394 num
564 334 911 399 vocabimus,
968 336 1025 387 et
1079 350 1108 386 e
1144 331 1423 388 contrario
1459 331 1604 403 quod
1643 348 1743 387 uos
1779 332 1842 388 in
1875 346 1940 386 eo
1978 329 2262 404 impediat,

375 415 465 471 vel
502 431 612 470 non
650 431 714 469 eo
752 413 1055 476 conducat,
1114 410 1338 467 malum.
1407 409 1810 476 Quamobrem,
1851 409 1920 466 ad
1957 409 2173 482 aliquid
2204 409 2265 463 de

378 495 615 552 hominis
652 495 794 550 bono
832 498 887 548 et
926 491 1067 548 malo
1092 489 1440 548 tractandum
1461 533 1476 554 ,
1522 489 1792 546 hominem
1820 491 2124 563 perfectum
2147 507 2264 564 cog-

380 592 602 632 noscere
650 573 851 636 debeo,
907 572 1037 644 quia
1071 572 1139 626 de
1178 571 1320 628 bono
1359 568 1610 642 maloque
1647 573 1889 627 tractans
1926 569 2270 643 particularis

384 657 668 728 cujusdam
704 655 972 717 hominis,
1014 653 1097 709 uti
1136 651 1338 710 Adami
1376 669 1428 709 v.
1465 668 1540 718 c.‚
1579 669 1677 708 ens
1714 652 1859 708 reale
1891 669 2014 710 cum
2043 663 2169 708 ente
2191 669 2270 708 ra·

380 737 547 793 tionis
604 733 1023 797 confunderem;
1082 733 1230 808 quod
1279 749 1312 786 a
1365 748 1496 788 vero
1545 731 1869 805 philosopho
1906 731 2166 805 religiose
2196 735 2270 788 vi·

378 815 635 878 tandum,
686 813 757 870 ob
794 831 1017 876 causas,
1074 831 1211 886 quas
1249 811 1360 868 alia
1406 813 1816 884 opportunitate
1853 817 2046 884 postea
2082 811 2264 885 redde·
2301 884 2308 890 Δ

382 912 521 951 mus,
576 893 769 959 Adde,
810 910 933 949 cum
970 891 1173 948 Adami
1208 891 1297 946 vel
1336 889 1799 964 alius'cujusdam
1839 893 2076 948 hominis
2113 894 2273 965 parti·

380 975 583 1032 culatis
610 974 734 1029 finis
760 971 917 1028 nobis
940 972 1160 1028 nonnisi
1186 974 1388 1027 eventu
1416 972 1670 1043 cognitus
1698 973 1798 1037 sit,
1829 971 1956 1028 inde
1983 975 2274 1046 consequi,

383 1059 447 1110 ut
483 1054 647 1110 etiam
686 1053 777 1118 id,
816 1043 959 1126 quod
996 1053 1065 1108 de
1102 1051 1338 1109 hominis
1374 1053 1480 1107 fine
1517 1052 1794 1118 dicemus„
1836 1054 2126 1109 fundatum
2161 1071 2274 1110 esse

383 1134 583 1190 debeat·
616 1135 675 1190 in
713 1132 1057 1206 perceptione
1095 1131 1332 1188 hominis
1368 1133 1596 1204 perfecti
1635 1133 1692 1188 in
1730 1132 2018 1190 intellectu
2057 1138 2270 1196 nostro;

379 1215 540 1286 cujus
592 1215 784 1278 finem,
841 1211 1039 1284 quippe
1077 1214 1172 1284 qni
1210 1227 1307 1266 ens
1345 1212 1574 1268 rationis
1621 1212 1724 1279 sit,
1767 1213 1904 1270 bene
1951 1231 2272 1286 cognoscere

381 1311 702 1366 possumne,
750 1292 835 1348 uti
890 1293 1053 1347 etiam
1110 1292 1203 1364 (ut
1258 1292 1494 1362 dictum)
1550 1291 1751 1349 bonum
1790 1297 1847 1350 et
1884 1293 2086 1350 malum
2125 1293 2271 1369 ejuS‚

384 1375 585 1447 quippe
622 1389 761 1447 quae
798 1371 1015 1428 nonnisi
1054 1370 1335 1444 cogitandi
1373 1371 1519 1428 modi
1557 1372 1687 1429 sint.
1785 1431 1790 1440 ,

459 1850 539 1906 Ut
571 1850 684 1923 jam
726 1849 923 1905 sensim
964 1848 1033 1904 ad
1072 1866 1183 1904 rem
1223 1850 1634 1923 perveniamus,
1691 1850 2000 1907 meminisse
2037 1856 2274 1923 oportet,

388 1930 517 2005 quia
543 1947 611 1984 ex
636 1934 823 1985 nostra
850 1929 1196 2003 perceptione
1224 1934 1432 1994 motus,
1462 1930 1711 1995 affectuS,
1741 1934 1797 1985 et
1821 1932 2064 1987 actiones
2093 1932 2282 1987 mentis

386 2012 605 2063 nostrae
641 2008 922 2073 oriuntur,
962 2024 1061 2063 nos
1082 2009 1482 2081 perceptionem
1503 2009 1564 2066 in
1583 2013 1818 2083 quatuor
1836 2016 2017 2083 partes
2037 2010 2279 2068 divisisse

389 2091 441 2145 1.
484 2088 543 2143 in
582 2088 759 2143 solum
796 2088 1079 2154 auditum,
1133 2088 1185 2144 2.
1229 2088 1647 2160 experientiam.
1687 2092 1739 2145 3.
1780 2091 1972 2159 fidem,
2011 2094 2061 2149 4.
2101 2092 2279 2164 cogni·

390 2168 599 2225 tionem
638 2165 857 2222 claram.
1401 2224 1406 2229 ,

460 2248 601 2302 Gum
641 2252 824 2302 autem
862 2245 1054 2301 harum
1094 2248 1334 2302 omnium
1374 2246 1599 2303 effectus
1639 2250 1750 2320 jam
1791 2249 2123 2315 viderimus,
2161 2250 2279 2305 inde

390 2330 543 2400 patet
578 2328 825 2399 quartam
863 2326 906 2379 i.
946 2344 992 2383 e.
1028 2326 1398 2398 cognitionem
1435 2326 1638 2384 claram
1675 2330 1917 2384 omnium
1957 2328 2276 2401 perfectissi-

388 2426 528 2463 mam
567 2424 717 2470 esse;
776 2406 963 2477 opinio
999 2406 1143 2461 enim
1184 2424 1283 2462 nos
1321 2424 1480 2479 saepe
1517 2408 1575 2464 in
1613 2425 1846 2464 errorem
1884 2408 2070 2473 ducit,
2132 2426 2274 2463 vera·

388 2505 493 2560 que
546 2486 681 2541 fides
738 2486 913 2541 solum
968 2491 1255 2558 propterea
1313 2486 1485 2553 bona,
1542 2488 1688 2559 quod
1725 2486 1801 2544 sit
1843 2488 1934 2543 via
1969 2488 2037 2542 ad
2077 2488 2272 2546 claram

388 2566 755 2639 cognitionem
795 2582 1004 2637 nosque
1042 2566 1248 2621 excitet
1283 2564 1352 2621 ad
1391 2584 1476 2623 res
1505 2584 1652 2639 quae
1688 2584 1815 2623 vere
1839 2568 2099 2625 amabiles
2123 2571 2277 2629 sunt:

446 2859 494 2917 1)
541 2855 583 2904 E
632 2855 756 2903 nulla
803 2854 920 2901 enim
952 2860 1157 2903 ereatura
1192 2855 1454 2917 particulari
1484 2856 1627 2905 ideam
1661 2857 1901 2919 perfectam
1935 2858 2099 2905 habere
2129 2873 2276 2921 possu-

385 2942 505 2985 mus,
556 2940 655 2973 cum
704 2927 812 2973 haee
856 2928 955 2987 ejus
1003 2925 1220 2987 perfectio
1252 2926 1307 2986 (i.
1337 2942 1376 2974 e.
1409 2934 1556 2975 utrum
1590 2942 1693 2974 vere
1723 2928 1920 2989 perfecta
1951 2928 2012 2975 sit
2043 2942 2126 2975 nec
2157 2932 2230 2986 ne)
2260 2943 2282 2972 e

388 2998 511 3045 nulla
542 2997 631 3045 alia
662 3012 711 3045 re
741 2997 898 3045 deduci
928 2997 1072 3059 possit
1104 2997 1193 3046 nisi
1225 3012 1278 3046 cx
1309 2996 1407 3047 idea
1437 2997 1634 3060 perfecta
1659 2999 1859 3059 generali
1876 2998 1946 3047 vel
1963 3004 2069 3047 ente
2086 2997 2282 3047 rationis.
