2432 3554
1292 211 1460 266 52·

451 367 637 423 Antea
675 366 792 438 jam
829 367 1068 424 diximus
1105 387 1271 424 unam
1308 370 1671 426 substantiam
1713 371 1940 426 alteram
1978 371 2289 443 producere

375 465 486 501 non
521 465 711 518 posse,
752 451 810 502 et
844 447 1024 504 Deum
1062 468 1158 504 ens
1195 468 1313 505 esse
1351 450 1417 505 de
1456 467 1565 522 quo
1600 451 1783 506 omnia
1819 450 2082 507 dicuntur
2120 454 2287 508 attri-

376 528 538 590 buta;
582 528 725 583 unde
761 529 908 584 clare
947 531 1223 602 sequitur,
1265 548 1451 608 omnes
1488 531 1625 586 alias
1658 549 1747 586 res
1774 537 1929 586 extra
1950 531 2130 588 Deum
2164 551 2289 590 non

375 606 610 662 existere
667 627 768 664 nec
821 611 1036 682 concipi
1076 628 1265 682 posse;
1326 628 1492 682 quare
1530 611 1751 667 omnino
1793 611 1973 668 dicere
2012 611 2287 668 debemus

374 689 550 743 Deum
589 689 830 743 omnium
869 705 1091 744 causam
1128 708 1263 746 esse.
1300 689 1439 744 Cum
1478 693 1658 744 autem
1698 707 1917 746 oausam
1956 695 2287 762 operantem

373 766 432 821 in
461 773 584 822 octo
623 771 806 838 partes
843 767 1086 823 dividere
1125 768 1335 834 solent,
1378 770 1660 826 videamus
1680 771 1792 843 jam
1820 773 2094 846 quomodo
2120 773 2289 830 Deus

382 862 548 902 causa
585 848 685 901 sit:

441 1165 490 1218 1.
527 1163 710 1219 Causa
735 1169 820 1218 est
836 1182 1064 1220 omanem
1092 1165 1181 1220 vel
1207 1184 1436 1238 operans
1455 1186 1677 1239 operum
1699 1187 1940 1231 suorum,
1982 1174 2055 1234 et,
2087 1172 2279 1241 quoad

368 1246 514 1300 actio
570 1247 678 1300 ista
731 1247 858 1310 fiat,
916 1265 1083 1302 causa
1145 1247 1380 1304 efficiens
1435 1249 1522 1302 vel
1570 1267 1771 1320 agens,
1827 1267 1967 1322 quae
2004 1255 2279 1322 tanquam

371 1344 541 1381 unum
579 1326 860 1397 ponimus,
901 1328 1100 1400 quippe
1137 1329 1207 1384 ad
1247 1347 1303 1384 se
1340 1330 1576 1385 invicem
1614 1330 1961 1401 pertinentia.

439 1486 487 1540 2.
562 1486 663 1540 Est
724 1501 893 1541 causa
925 1485 1192 1538 immanens
1227 1501 1329 1540 nec
1367 1484 1665 1549 transiens,
1718 1485 1847 1558 quia
1884 1487 2066 1540 omnia
2106 1485 2167 1541 in
2214 1507 2275 1542 se

363 1571 421 1621 et
456 1565 592 1621 nihil
633 1569 788 1620 extra
822 1581 882 1617 se
918 1568 1136 1634 operat,
1177 1581 1301 1621 cum
1341 1564 1479 1620 nihil
1518 1570 1673 1620 extra
1708 1585 1831 1620 eum
1871 1565 1963 1620 sit.

441 1729 491 1785 3.
565 1728 716 1783 Deus
774 1730 859 1781 est
921 1742 1088 1782 eausa
1137 1727 1306 1782 libera
1340 1743 1441 1781 nec
1481 1725 1777 1788 naturalis,
1840 1726 1922 1781 uti
1960 1743 2123 1799 quam
2165 1728 2281 1783 ola-

362 1809 574 1865 rissime
611 1808 989 1867 ostendemus,
1029 1807 1249 1877 quando
1286 1824 1511 1879 agemus
1536 1807 1603 1861 de
1629 1823 1726 1870 eo,
1767 1824 1897 1861 num
1923 1806 2075 1861 Deus
2100 1808 2270 1865 omit-

363 1896 478 1944 tere
515 1889 690 1960 possit
725 1886 935 1959 aliquid
973 1904 1134 1957 agere
1172 1887 1319 1959 quod
1357 1888 1501 1958 agit:
1562 1888 1654 1943 ubi
1693 1887 1855 1942 simul
1893 1886 2271 1959 explicabitur

360 1972 420 2028 in
458 1989 566 2042 quo
603 1969 869 2025 consistat
905 1985 1035 2023 vera
1070 1968 1315 2023 libertas·

430 2128 481 2183 4.
552 2125 706 2180 Deus
761 2130 845 2179 est
898 2142 1064 2179 causa
1088 2142 1191 2194 per
1226 2142 1281 2179 se
1318 2142 1417 2179 nec
1455 2142 1549 2197 per
1587 2122 2051 2195 contingentiam,
2110 2125 2266 2195 quod

359 2226 427 2263 ex
467 2210 706 2262 tractatu
743 2205 811 2259 de
847 2202 1357 2260 Praedestinatione
1392 2202 1594 2259 clarius
1622 2202 1850 2274 patebit.

430 2368 481 2423 5.
554 2365 706 2419 Deus
760 2366 844 2417 est
887 2380 1053 2418 causa
1079 2364 1368 2434 praecipua
1403 2379 1627 2435 operum
1664 2378 1918 2425 suorum,
1976 2378 2117 2433 quae
2154 2361 2257 2417 im-

262 2450 268 2456 ’
356 2444 668 2501 immediate
707 2442 944 2507 creavit,
987 2444 1068 2497 uti
1109 2446 1314 2496 motum
1354 2442 1410 2496 in
1439 2442 1696 2505 materia,
1738 2444 1841 2497 etc.
1874 2441 1930 2495 in
1957 2459 2065 2512 qua
2084 2458 2257 2497 causa

357 2526 538 2581 minus
575 2523 866 2596 praecipua
902 2523 1082 2579 locum
1123 2523 1317 2577 habere
1357 2520 1579 2595 nequit,
1619 2521 1819 2594 quippe
1862 2539 2000 2593 quae
2040 2539 2256 2593 semper

356 2606 413 2660 in
464 2603 627 2658 rebus
666 2604 739 2658 sit
774 2602 1198 2675 particularibus
1232 2606 1276 2666 ¹,
1335 2619 1473 2674 quae
1512 2602 1569 2656 in
1608 2607 1805 2655 natura
1841 2604 1990 2656 sunt.
2067 2602 2255 2657 Causa

357 2684 538 2738 minus
576 2683 868 2755 praecipua
904 2683 1171 2753 incipiens
1211 2700 1318 2736 non
1356 2686 1441 2736 est
1476 2682 1534 2736 in
1572 2680 1719 2743 De0,
1767 2680 1897 2751 quia
1933 2684 2087 2735 extra
2124 2698 2249 2737 eum

359 2762 496 2818 nihil
566 2767 650 2817 est
717 2762 861 2835 quod
924 2781 1047 2817 eum
1102 2779 1342 2834 premere
1398 2766 1597 2833 posset.
1687 2760 1869 2816 Causa
1923 2759 2254 2831 praecedens

417 3018 464 3075 l)
529 3016 612 3063 Uti
643 3015 820 3074 qnando
848 3032 926 3077 per
965 3022 1144 3064 ventum
1176 3018 1476 3063 vehementem
1510 3030 1631 3063 mare
1662 3015 1822 3073 siccat,
1855 3021 1900 3061 et
1932 3014 1997 3061 sic
2025 3014 2075 3060 in
2107 3012 2255 3063 omni·

347 3089 430 3135 bus
463 3086 594 3133 rebus
627 3086 984 3147 particularibus.
2215 3078 2241 3165 l¹⁸
