2432 3554
1267 179 1384 238 158

374 345 531 395 tanto
568 340 691 411 plus
728 341 995 394 essentiae
1034 339 1247 396 habeat.
1302 338 1391 395 Ad
1420 339 1564 412 quod
1595 336 1790 396 melius
1817 339 2238 414 intelligendum,

374 419 919 474 animadvertendum
979 425 1089 483 est,
1149 419 1221 479 τὸ
1275 421 1583 492 intelligere
1641 425 1974 494 (quanquam
2029 421 2240 476 vocabu-

375 500 487 554 lum
546 499 709 555 hocce
771 500 932 555 aliter
988 505 1170 570 sonat)
1227 515 1414 571 puram
1457 500 1760 570 passionem
1801 518 1951 564 esse;
2010 501 2105 556 hoc
2139 504 2236 564 est,

375 581 605 632 mentem
678 583 915 632 nostram
987 595 1049 633 ea
1106 580 1316 632 ratione
1377 581 1606 640 mutari,
1677 583 1741 634 ut
1795 579 1933 634 alios
1988 579 2241 651 cogitandi

376 657 564 712 modos
602 658 987 722 nanciscatur,
1045 675 1290 731 quosque
1328 663 1491 713 antea
1529 677 1637 714 non
1678 658 1943 722 habebat:
1998 661 2171 731 itaque
2206 659 2242 712 si

372 737 603 809 aliquis,
663 755 784 793 cum
842 741 1019 792 totum
1071 757 1191 792 eum
1237 739 1510 808 objectum
1557 739 1766 803 affecit,
1832 739 1996 794 talem
2040 740 2245 794 formam

372 817 487 872 sive
548 817 765 871 modum
823 818 1101 888 cogitandi
1160 820 1440 891 acquirat,
1518 817 1723 874 clarum
1781 823 1864 873 est
1920 836 2040 872 eum
2099 817 2242 871 aliam

372 899 597 952 omnino
651 899 1051 968 perceptionem
1107 899 1308 953 formae
1367 900 1479 954 sive
1537 897 1821 971 qualitatis
1878 897 2030 953 iliius
2066 896 2242 968 objecti

372 977 635 1048 adipisci,
696 993 855 1048 quam
913 977 1055 1032 alius
1110 979 1203 1050 qui
1265 983 1347 1033 tot
1385 995 1493 1032 non
1531 977 1784 1033 habuerit
1821 996 2040 1044 causaS,
2099 983 2242 1048 atque

373 1059 545 1128 igitur
602 1057 670 1110 ad
727 1055 865 1111 illud
922 1057 1294 1112 affirmandum
1351 1059 1438 1112 vel
1479 1057 1784 1128 negandum
1825 1056 1936 1112 alio
1974 1061 2027 1112 et
2063 1057 2241 1111 leviore

370 1141 500 1192 actu
540 1137 764 1208 (quippe
802 1155 967 1209 parva
1004 1137 1092 1192 vel
1130 1139 1337 1193 minore
1375 1137 1818 1208 augmentatione
1845 1137 1965 1208 ejus
1990 1137 2238 1206 conscius)

371 1220 637 1270 movetur.
716 1217 877 1272 Unde
914 1219 1177 1288 perfectio
1214 1217 1458 1274 cernitur
1495 1217 1763 1287 alicujus,
1803 1217 1897 1288 qui
1936 1217 1994 1271 in
2033 1215 2234 1270 veritate

370 1300 487 1356 est,
546 1311 652 1366 qua
706 1293 888 1351 differt
924 1297 993 1351 ab
1031 1315 1094 1352 eo
1131 1297 1225 1369 qui
1263 1302 1418 1352 extra
1455 1315 1571 1350 eam
1609 1301 1722 1359 est:
1781 1313 1902 1351 cum
1944 1297 2084 1350 enim
2117 1312 2234 1350 unus

372 1375 561 1436 facile,
622 1375 760 1430 alter
795 1393 924 1430 vero
962 1395 1069 1431 non
1108 1377 1269 1432 facile
1309 1381 1583 1442 mutetur,
1645 1377 1895 1448 sequitur
1935 1393 2096 1430 unum
2133 1375 2234 1446 plus

369 1456 714 1509 constantiae
770 1456 1143 1528 essentiaeque
1198 1455 1394 1512 habere
1453 1473 1615 1528 quam
1654 1455 1920 1519 alterum;
1980 1456 2059 1512 uti
2096 1456 2231 1510 etiam

370 1535 455 1590 ini
494 1535 773 1606 cogitandi
814 1537 992 1601 modi,
1032 1537 1125 1608 qui
1163 1554 1286 1592 cum
1327 1537 1488 1592 rebus
1520 1537 1884 1602 conveniunt,
1929 1538 2056 1610 quia
2079 1535 2231 1608 plures

369 1633 565 1672 causas
604 1616 867 1680 habuere,
906 1615 1033 1687 plus
1069 1617 1411 1673 constantiae
1449 1621 1506 1672 et
1543 1619 1809 1672 essentiae
1847 1619 1905 1671 in
1945 1637 2000 1672 se
2039 1618 2228 1676 habena

368 1699 427 1750 et
464 1696 593 1767 quia
636 1696 705 1750 ab
742 1693 887 1749 omni
926 1699 1081 1766 parte
1118 1713 1242 1752 cum
1281 1713 1338 1752 re
1377 1699 1744 1764 conveniunt,
1784 1698 2112 1772 impossibile
2134 1701 2226 1757 est,

372 1780 434 1832 ut
488 1775 603 1831 ullo
656 1780 897 1847 tempore
952 1775 1112 1830 aliter
1166 1795 1197 1831 a
1253 1794 1310 1832 re
1348 1779 1486 1834 affici
1531 1777 1744 1851 possint
1780 1777 1866 1833 vel
1905 1777 2226 1833 mutationem

369 1856 517 1928 pati,
560 1856 689 1929 quia
720 1856 835 1926 jam
873 1860 1034 1910 antea
1071 1857 1312 1912 vidimus
1348 1858 1425 1913 rei
1465 1858 1700 1931 alicujus
1736 1859 2029 1915 essentiam
2065 1859 2226 1913 immu-

366 1936 592 1991 tabilem
652 1954 801 1997 esse:
860 1952 999 2007 quae
1049 1936 1233 1991 omnia
1286 1938 1344 1993 in
1389 1936 1632 1993 falsitate
1671 1938 1848 1994 locum
1889 1955 1998 1993 non
2035 1936 2224 1993 habent.

364 2019 495 2077 Quo
535 2016 684 2071 dicto
721 2014 1066 2088 praecedenti
1107 2017 1416 2088 quaestioni
1455 2019 1590 2073 satis
1627 2035 1944 2091 responsum
1983 2018 2094 2074 erit.
