2432 3554
1226 164 1345 222 340

346 342 554 381 errores
619 326 714 399 qui
777 330 999 398 propter
1052 343 1224 380 meam
1287 324 1595 380 absentiam
1634 324 1963 396 irrepserant
1998 319 2215 378 correxi.

337 405 536 462 Omnia
591 411 717 460 ante
773 405 995 477 aliquod
1051 409 1266 476 tempus
1314 407 1539 477 Lipsiae
1592 405 1874 468 mandavi,
1934 420 2047 476 quo
2084 401 2219 473 judi-

335 485 482 540 cium
539 486 596 539 in
647 485 806 541 Actis
861 487 1215 541 Eruditorum
1272 486 1339 540 de
1392 487 1523 540 meis
1570 504 1633 540 eo
1683 485 1995 540 accuratius
2040 485 2221 538 ferant.

335 562 491 618 Haec
527 564 646 634 ipsa
683 582 896 636 quoque
933 565 1005 620 D.
1045 565 1255 620 Bloeck
1292 571 1348 618 et
1384 564 1567 618 Gendt
1606 564 1760 626 misi,
1811 579 1922 636 quo
1959 559 2219 618 secundae

336 641 568 696 editioni
605 645 818 713 possint
853 643 1115 715 adjungi,
1157 661 1292 716 quos
1330 644 1431 699 hac
1467 642 1752 700 occasione
1777 643 1999 713 rogavi,
2042 645 2105 696 ut
2126 639 2219 695 tibi

336 739 448 776 una
496 739 618 776 cum
680 723 827 778 hisce
873 724 1050 779 literis
1097 724 1285 778 eadem
1332 724 1819 780 communicentur.
1888 723 2016 776 Jam
2062 721 2129 775 ad
2160 735 2221 774 ea

335 819 474 872 quae
512 801 854 872 objiciuntur
891 822 974 858 me
1013 810 1290 860 converto,
1368 804 1529 859 Circa
1571 803 1686 857 veri
1724 802 2007 858 criterium
2042 798 2219 854 existi-

335 887 449 938 mat
485 882 876 939 Nobilissimus
912 877 1023 949 vir,
1070 886 1214 956 quod
1253 884 1463 938 nesciat
1500 901 1570 937 an
1610 899 1865 954 umquam
1904 881 2009 935 hoc
2039 895 2216 950 appro-

344 963 573 1018 baturus
623 964 754 1027 sim,
805 965 966 1035 quia,
1021 965 1152 1019 licet
1201 965 1345 1035 quod
1393 981 1584 1018 verum
1622 964 1701 1017 sic
1740 965 1921 1015 mente
1958 961 2219 1030 possitae

336 1042 532 1096 debeat
579 1043 825 1114 concipi,
884 1048 1066 1098 tamen
1113 1045 1485 1100 conversionis
1538 1042 1835 1097 necessitas
1886 1059 2000 1094 non
2040 1055 2211 1110 agnos·

332 1128 516 1186 cetur,
577 1140 676 1178 nec
732 1124 993 1178 inserviet
1051 1125 1152 1180 hoc
1200 1126 1269 1179 ad
1336 1123 1757 1194 consequentias
1806 1121 2053 1190 legitime
2108 1119 2215 1172 hinc

332 1203 686 1266 derivandas;
729 1203 892 1276 idque
929 1204 1178 1277 exemplo
1214 1203 1491 1258 radiorum
1531 1201 1789 1256 solarium
1828 1202 2034 1255 vitrum
2075 1215 2213 1270 pene·

330 1283 598 1338 trantium
646 1283 906 1338 illustrat.
987 1285 1077 1338 Ad
1127 1301 1267 1355 quae
1308 1285 1437 1340 haec
1478 1284 1810 1354 respondeo:
1865 1281 2207 1352 quodcunque

329 1379 518 1416 verum
557 1367 642 1416 est
677 1367 858 1432 potest
894 1367 950 1416 et
988 1363 1147 1417 debet
1183 1363 1436 1433 concipi,
1479 1363 1580 1418 hoc
1618 1362 1752 1418 mihi
1788 1361 2082 1423 concedis:
2129 1358 2200 1412 sd-

329 1459 500 1513 eoque
551 1441 684 1496 mihi
735 1444 1052 1497 conceditur
1103 1442 1249 1514 quod
1299 1442 1533 1498 facultas
1584 1445 1641 1498 in
1692 1441 1851 1496 nobis
1903 1441 1979 1495 sit
2036 1453 2189 1494 verum

328 1521 707 1592 concipiendi:
749 1522 880 1576 haec
917 1523 1036 1593 ipsa
1071 1539 1202 1575 vero
1238 1521 1473 1578 facultas
1508 1541 1619 1576 non
1645 1523 1849 1592 poterit
1872 1520 2076 1574 falsum
2099 1533 2198 1573 con·

327 1602 536 1672 cipere;
588 1619 710 1655 nam
755 1601 953 1656 falsum
991 1600 1184 1672 nequit
1220 1602 1468 1674 concipi,
1522 1602 1767 1674 adeoque
1804 1600 1951 1672 quod
1990 1597 2203 1669 concipi·

326 1687 419 1736 tur
469 1699 564 1752 per
610 1681 746 1736 hanc
791 1681 1109 1736 facultatem
1149 1696 1361 1752 semper
1396 1699 1583 1738 verum
1624 1683 1763 1744 erit,
1818 1686 1875 1735 et
1911 1695 2013 1752 per
2044 1693 2208 1734 conse·

326 1780 498 1834 quens
535 1761 906 1817 conversionis
945 1763 1242 1818 necessitas
1280 1763 1443 1817 debet
1479 1763 1735 1834 agnosci,
1789 1775 2015 1831 nempe,
2056 1756 2206 1831 quod·

324 1859 540 1913 cunque
575 1843 789 1914 concipi
827 1848 1036 1913 potest,
1075 1860 1267 1898 verum
1307 1847 1405 1899 est.
1466 1842 1574 1897 Sed
1615 1843 1849 1897 max-ime
1884 1840 2199 1899 notandum,

325 1922 686 1993 quodcunque
731 1922 944 1993 concipi
982 1925 1193 1993 potest,
1250 1940 1361 1977 non
1398 1924 1522 1979 ideo
1561 1941 1750 1978 verum
1790 1928 1875 1977 est
1912 1922 2129 1993 physice
2160 1920 2201 1971 et

325 2002 428 2056 hoc
466 2002 668 2073 absque
706 2002 874 2057 dubio
918 2002 1022 2064 sie,
1084 2002 1231 2073 quod
1268 2002 1631 2059 libentissime
1668 2004 1941 2065 concedo,
2002 2018 2123 2055 nam
2156 2000 2203 2053 in

325 2083 678 2154 sequentibus
735 2082 841 2137 ada
877 2087 932 2136 et
969 2082 1082 2137 3tia
1119 2083 1363 2137 sectione
1400 2100 1654 2155 expresse
1690 2084 1885 2142 docui.
1949 2080 2088 2153 quod
2126 2094 2205 2132 va·

323 2162 406 2217 ria
443 2168 804 2233 conceptuum
841 2180 1040 2233 genera
1078 2163 1281 2217 dentur
1314 2163 1383 2217 de
1410 2163 1598 2217 eadem
1624 2180 1715 2218 re:
1756 2160 2196 2232 imaginabilium,

323 2242 703 2304 rationalium,
757 2245 815 2296 et
850 2241 1111 2303 realium:
1163 2242 1310 2314 quod
1349 2242 1609 2298 facillime
1650 2243 1705 2297 hi
1744 2247 2038 2315 conceptus
2070 2240 2203 2294 inter

325 2340 382 2377 se
421 2323 860 2383 confundantur:
903 2340 1010 2388 qua
1045 2322 1259 2376 ratione
1299 2322 1401 2377 hoc
1438 2324 1633 2377 evitari
1672 2324 1879 2394 possim
1932 2320 2201 2389 omniaque

325 2400 458 2457 haec
497 2401 685 2456 multis
723 2401 985 2471 exemplis
1023 2400 1319 2461 illustravi.
1361 2403 1568 2458 Fateor
1595 2404 1815 2475 itaque:
1858 2403 2201 2474 quodcunque

322 2482 631 2553 concipitur
669 2500 778 2537 non
815 2498 1003 2537 verum
1041 2488 1156 2547 est,
1213 2483 1436 2554 physice
1476 2481 1718 2546 scilicet;
1770 2483 1868 2537 sed
1908 2485 2078 2536 tamen
2118 2494 2203 2548 po·

323 2571 432 2619 test
469 2583 586 2619 esse
623 2580 846 2628 verum,
886 2565 1271 2619 mathematice
1306 2580 1403 2617 seu
1440 2562 1714 2618 abstracte
1750 2568 1849 2617 aut
1885 2580 1991 2633 ope
2020 2559 2197 2629 imagi-

321 2646 564 2700 nationis
626 2644 869 2709 activae,
941 2648 997 2697 et
1050 2644 1180 2715 quia
1240 2641 1400 2712 plura
1452 2641 1657 2697 dantur
1711 2646 2067 2712 conceptuum
2116 2654 2201 2707 ge·

328 2742 486 2788 nera,
545 2740 755 2795 semper
789 2723 1156 2795 quodcunque
1193 2722 1505 2793 concipitur
1540 2721 1703 2792 juxta
1744 2721 1982 2793 aliquem
2024 2720 2195 2773 horum

325 2820 514 2858 verum
565 2804 690 2857 erit.
766 2801 938 2857 Porro
985 2803 1114 2875 quia
1163 2802 1309 2857 clare
1354 2802 1509 2856 varia
1558 2801 1692 2857 haec
1728 2806 2081 2873 conceptuum
2113 2814 2197 2868 ge·

319 2900 456 2938 *nera
492 2881 718 2953 exposui
757 2886 812 2935 et
849 2882 906 2936 in
945 2882 1126 2953 specie
1161 2881 1466 2952 exemplum
1506 2882 1703 2946 attuli,
1768 2899 1879 2937 non
1918 2882 2067 2936 video
2097 2892 2196 2948 qua

323 2964 538 3017 ratione
587 2961 690 3017 hoc
739 2956 1018 3017 criterium
1065 2964 1200 3031 (non
1250 2960 1467 3032 quidem
1509 2960 1686 3015 solum
1724 2966 1780 3015 et
1819 2962 1878 3015 in
1916 2980 1972 3016 se
2006 2960 2197 3028 specta·

323 3044 441 3095 tum
481 3039 576 3093 sed
615 3042 893 3096 annotatis
930 3060 1070 3114 quae
1110 3040 1269 3095 modo
1306 3040 1448 3109 dixi)
1492 3058 1602 3095 non
1640 3041 1815 3112 possit
1850 3040 2096 3096 inservire
2131 3035 2205 3089 ad·
