2432 3554
1307 149 1423 207 324

419 313 619 384 exigua
655 316 837 366 essent
871 313 930 368 in
969 312 1095 367 aliis
1133 312 1301 375 locis,
1338 311 1432 366 ubi
1473 327 1595 366 care
1633 311 1866 381 vivitur)
1910 314 1975 366 ut
2011 310 2139 366 satis
2154 327 2265 366 com·

421 394 574 447 mode
625 391 714 448 hic
770 410 978 464 possem
1017 392 1219 447 vivere.
1298 391 1442 446 Nam
1481 397 1627 444 certe
1665 389 1875 444 nobiles
1915 391 2003 446 hic
2037 391 2264 445 liberrime

413 476 642 527 vivunt:
683 480 933 527 tenemur
968 473 1235 544 siquidem
1275 471 1515 525 Electori
1554 471 1825 525 Saxonieo
1875 489 1972 541 pro
2023 471 2104 525 his
2143 471 2265 526 bonis

415 561 655 623 tempore
699 554 844 622 pacis
881 552 1115 623 singulis
1151 551 1311 606 annis
1348 551 1443 604 vix
1482 551 1550 604 50
1588 550 1898 622 imperiales
1936 550 2164 612 solvere;
2211 550 2261 602 de

413 633 664 697 caeteris,
704 634 833 705 quia
868 632 957 687 hic
996 632 1179 686 omnia
1214 632 1273 686 in
1302 647 1497 701 magna
1524 630 1893 694 abundantia,
1936 648 2071 703 quae
2094 631 2156 684 ad
2179 631 2263 684 vic·

411 720 528 766 tum
569 714 946 783 requiruntur,
992 710 1139 766 laute
1177 711 1466 766 admodum
1507 712 1730 767 vivitur.
1767 711 1999 766 Interim
2036 715 2262 782 quantum

413 793 482 845 ad
538 793 755 854 studia,
817 809 941 846 cum
995 791 1399 844 administratio
1454 789 1650 845 talium
1711 791 1973 845 bonorum
2027 791 2260 860 integrum

415 871 684 925 hominem
735 871 1078 935 desiderant,
1136 870 1235 925 illa
1270 869 1588 928 nullatenus
1626 871 1879 942 prosequi
1921 870 2048 924 mihi
2085 871 2260 925 licitum

409 955 581 1013 esset:
623 951 856 1004 vendere
893 955 1102 1013 autem,
1149 956 1211 1003 ut
1250 969 1332 1004 me
1370 949 1427 1002 in
1466 949 1627 1002 aliam
1660 952 1935 1020 regionem
1971 951 2257 1022 reciperem,

410 1047 510 1085 nec
546 1035 800 1101 parentes
837 1046 936 1084 nec
963 1029 1123 1084 amici
1149 1029 1553 1099 permisissent,
1596 1046 1771 1101 neque
1796 1031 1851 1085 id
1881 1049 2090 1103 quoque
2116 1048 2254 1084 meum

409 1112 672 1165 interesse
721 1109 1064 1170 inclusisset,
1125 1127 1248 1164 cum
1287 1109 1453 1164 simili
1492 1114 1723 1182 pecunia
1761 1113 1819 1168 in
1857 1113 1983 1168 aliis
2021 1113 2143 1168 locis
2174 1130 2255 1166 non

409 1209 580 1263 aeque
637 1190 932 1246 commodis
997 1190 1293 1259 potuissem
1350 1191 1482 1244 meis
1522 1193 1793 1261 prodesse.
1874 1195 2023 1248 Hinc
2057 1195 2152 1248 tria
2182 1193 2252 1246 im·

410 1273 722 1342 pedimenta
759 1270 1105 1332 oriebantur;
1148 1265 1380 1339 primum
1418 1279 1535 1327 erat
1572 1274 1976 1329 administratio
2005 1275 2251 1335 bonorum,

410 1355 478 1404 de
517 1367 624 1421 qua
663 1349 820 1403 modo
858 1349 1076 1404 locutus
1113 1367 1266 1410 sum:
1326 1353 1424 1416 211²,
1464 1354 1607 1424 quod
1647 1354 1685 1408 ii
1726 1355 1820 1426 qui
1860 1357 2097 1410 nondum
2132 1353 2255 1410 mari-

409 1430 512 1484 tati
572 1430 658 1483 hie
717 1429 982 1498 imprimis
1033 1428 1233 1501 ubique
1272 1430 1510 1488 locorum
1553 1437 1861 1490 invitantur
1900 1436 1966 1490 ad
2008 1435 2249 1495 convivia,

409 1510 506 1581 qui
561 1507 868 1580 virginibus
921 1507 1159 1563 civiliter
1201 1510 1271 1563 ab
1309 1510 1393 1568 his
1432 1516 1763 1572 inserviatur
1800 1518 2077 1586 (convivia
2111 1523 2255 1571 autem

407 1598 496 1651 hic
553 1611 647 1667 per
702 1593 911 1663 aliquot
954 1593 1071 1646 dies
1109 1593 1536 1664 protrahuntur,
1590 1601 1645 1650 et
1682 1597 2115 1669 frequentissima
2155 1599 2257 1650 sunt

407 1678 477 1731 ob
526 1673 794 1729 funeralia
830 1672 1143 1735 Nobilium,
1205 1672 1526 1745 Sponsalia‚
1586 1675 1967 1748 Baptismata,
2020 1681 2168 1745 etc),
2206 1677 2254 1728 et

405 1757 549 1831 quod
590 1755 860 1826 reciproce
898 1755 964 1809 ab
1002 1754 1124 1809 aliis
1154 1772 1345 1809 rursus
1374 1755 1694 1820 visitantur:
1739 1759 1815 1811 3m
1851 1757 2245 1829 impedimentum

405 1843 524 1894 erat
561 1837 698 1894 tale.
744 1833 888 1908 quod
925 1852 1111 1889 omnes
1141 1834 1387 1889 homines
1412 1836 1703 1891 admodum
1732 1842 2031 1909 appetunt,
2070 1842 2121 1893 et
2141 1833 2241 1909 quod

404 1937 533 1991 ego,
576 1922 837 1989 quantum
877 1932 1096 1986 possum
1135 1932 1386 1978 aversor,
1438 1914 1667 1970 honores
1706 1918 1920 1971 scilicet
1958 1936 2051 1973 seu
2088 1914 2236 1973 secula-

405 2019 490 2056 res
539 1998 852 2069 dignitateS.
926 1994 1079 2048 Haec
1134 1995 1241 2048 tria
1280 1994 1667 2065 impedimenta
1706 1998 1880 2067 primo
1919 1999 2120 2053 intuitu
2151 1991 2241 2049 mihi

405 2077 794 2151 insuperabilia
843 2076 1188 2129 videbantur.
1270 2074 1539 2129 Omnibus
1585 2094 1713 2129 vero
1753 2076 1889 2131 bene
1926 2077 2179 2149 perpensis
2204 2077 2245 2125 et

403 2162 500 2216 diu
539 2157 881 2218 deliberatis,
943 2155 1162 2209 unicum
1203 2153 1383 2208 adhue
1424 2155 1657 2209 medium
1698 2156 1765 2209 ad
1806 2156 1940 2211 haec
1973 2152 2245 2211 removenda

402 2239 814 2315 praevidebam:
874 2236 976 2289 hoo
1036 2239 1220 2289 autem
1276 2234 1510 2305 cogebar
1547 2237 1853 2289 necessario
1890 2238 2106 2309 exsequi
2139 2248 2243 2304 (cum

402 2320 553 2377 aliud
595 2337 704 2373 non
741 2314 1084 2378 recurrebat,
1125 2314 1386 2385 quicquid
1426 2319 1481 2368 et
1522 2320 1698 2369 mente
1735 2317 2012 2370 volverem
2039 2322 2090 2370 et
2112 2315 2242 2385 agita-

400 2404 574 2471 rem),
613 2399 742 2454 licet
779 2398 888 2449 duo
925 2393 1262 2455 includeret,
1304 2392 1372 2447 ad
1411 2411 1551 2465 quae
1590 2395 1743 2449 nullo
1781 2400 2023 2467 tempore
2059 2394 2243 2452 inclina-

399 2483 604 2537 tionem
662 2476 827 2533 habui
884 2476 972 2542 (ut
1025 2474 1119 2545 qui
1171 2492 1255 2527 me
1293 2493 1491 2529 novere
1529 2495 1715 2531 omnes
1756 2478 2085 2533 unanimiter
2115 2476 2245 2531 testa·

400 2562 653 2629 buntur).
729 2557 974 2611 Primum
1024 2557 1140 2607 erat
1179 2564 1241 2607 ut
1279 2555 1567 2625 conjugem
1606 2556 1857 2611 ducerem
1883 2600 1897 2621 ‚
1958 2558 2166 2613 alterum
2195 2552 2245 2605 ut

402 2646 716 2713 pensionem
777 2654 808 2689 a
863 2634 1018 2705 Rege
1073 2632 1375 2688 Galliarum
1428 2653 1692 2702 conarer,
1751 2643 1813 2691 ut
1850 2635 1947 2694 alii
1987 2634 2244 2709 recipiunt,

401 2721 710 2789 impetrare.
753 2713 1043 2771 Miraberis
1080 2715 1250 2775 forte,
1306 2714 1449 2787 quod
1490 2716 1623 2770 haec
1660 2721 1714 2770 et
1740 2719 2029 2789 praecipue
2052 2716 2244 2789 primum

403 2796 725 2855 sufficientia
764 2795 1026 2867 requisita
1051 2796 1477 2849 existimaverim
1503 2794 1572 2848 ad
1600 2798 1879 2865 praedicta
1905 2795 2245 2869 impedimenta

402 2879 662 2935 tollenda.
744 2876 849 2930 Sed
900 2894 1100 2947 quaeso
1132 2876 1402 2946 judicium
1444 2875 1721 2947 paulisper
1760 2878 2059 2949 suspende,
2109 2886 2244 2943 usque

403 2960 532 3013 dum
572 2957 752 3012 omnia
790 2956 1062 3027 perlegere
1100 2956 1360 3025 dignatus
1397 2955 1585 3019 fueris,‚
1626 2956 1824 3017 Quoad
1874 2959 1943 3010 lm
1980 2958 2150 3027 itaque
2172 2966 2243 3004 110-

399 3037 661 3099 tandum,
701 3037 846 3107 quod
883 3037 1170 3107 pleraeque
1207 3036 1469 3106 conjuges
1506 3036 1697 3090 horum
1739 3037 2009 3102 locorum,
2045 3046 2242 3109 praeser-
